timestamp_ms,datetime,market,side,price,quantity,trade_id,trade_type
1763815965668,2025-11-22 12:52:45.668 UTC,ETH-USD,buy,2723.4,1.018,1992214670521405446,TRADE
1763815965883,2025-11-22 12:52:45.883 UTC,ETH-USD,buy,2723.4,1.620,1992214671423180803,TRADE
1763815967088,2025-11-22 12:52:47.088 UTC,ETH-USD,sell,2723.7,0.286,1992214676477317120,TRADE
1763815967358,2025-11-22 12:52:47.358 UTC,ETH-USD,sell,2723.7,0.361,1992214677609779203,TRADE
1763815967361,2025-11-22 12:52:47.361 UTC,ETH-USD,sell,2723.7,1.333,1992214677622362112,TRADE
1763815967374,2025-11-22 12:52:47.374 UTC,ETH-USD,sell,2723.7,0.138,1992214677676888066,TRADE
1763815967429,2025-11-22 12:52:47.429 UTC,ETH-USD,sell,2723.7,1.004,1992214677907574788,TRADE
1763815985571,2025-11-22 12:53:05.571 UTC,ETH-USD,sell,2721.9,0.019,1992214754000637952,TRADE
1763815990655,2025-11-22 12:53:10.655 UTC,ETH-USD,sell,2721.1,0.232,1992214775324479488,TRADE
1763816000722,2025-11-22 12:53:20.722 UTC,ETH-USD,sell,2722.6,0.172,1992214817548537857,TRADE
1763816011378,2025-11-22 12:53:31.378 UTC,ETH-USD,sell,2721.1,5.000,1992214862243041280,TRADE
1763816016292,2025-11-22 12:53:36.292 UTC,ETH-USD,buy,2720.4,0.682,1992214882853851136,TRADE
1763816016294,2025-11-22 12:53:36.294 UTC,ETH-USD,buy,2720.4,0.627,1992214882862239744,TRADE
1763816029582,2025-11-22 12:53:49.582 UTC,ETH-USD,sell,2720.6,0.019,1992214938596151297,TRADE
1763816030491,2025-11-22 12:53:50.491 UTC,ETH-USD,buy,2720.4,0.020,1992214942408773632,TRADE
1763816047889,2025-11-22 12:54:07.889 UTC,ETH-USD,buy,2720.1,0.235,1992215015381274624,TRADE
1763816047889,2025-11-22 12:54:07.889 UTC,ETH-USD,buy,2720.1,0.201,1992215015381274628,TRADE
1763816047894,2025-11-22 12:54:07.894 UTC,ETH-USD,buy,2720.1,1.252,1992215015402246145,TRADE
1763816047895,2025-11-22 12:54:07.895 UTC,ETH-USD,buy,2720.1,0.455,1992215015406440449,TRADE
1763816075027,2025-11-22 12:54:35.027 UTC,ETH-USD,buy,2721.1,0.260,1992215129206296576,TRADE
1763816075027,2025-11-22 12:54:35.027 UTC,ETH-USD,buy,2721.1,0.862,1992215129206296577,TRADE
1763816075027,2025-11-22 12:54:35.027 UTC,ETH-USD,buy,2721.1,0.176,1992215129206296581,TRADE
1763816083456,2025-11-22 12:54:43.456 UTC,ETH-USD,sell,2721.0,0.083,1992215164560084992,TRADE
1763816083459,2025-11-22 12:54:43.459 UTC,ETH-USD,sell,2721.0,0.037,1992215164572667905,TRADE
1763816083487,2025-11-22 12:54:43.487 UTC,ETH-USD,sell,2721.0,1.017,1992215164690108416,TRADE
1763816083497,2025-11-22 12:54:43.497 UTC,ETH-USD,sell,2721.0,0.130,1992215164732051458,TRADE
1763816083674,2025-11-22 12:54:43.674 UTC,ETH-USD,sell,2721.0,0.037,1992215165474443265,TRADE
1763816083884,2025-11-22 12:54:43.884 UTC,ETH-USD,sell,2721.0,0.037,1992215166355247106,TRADE
1763816089719,2025-11-22 12:54:49.719 UTC,ETH-USD,sell,2721.0,0.312,1992215190829010944,TRADE
1763816089720,2025-11-22 12:54:49.720 UTC,ETH-USD,sell,2721.0,0.085,1992215190833205248,TRADE
1763816089733,2025-11-22 12:54:49.733 UTC,ETH-USD,sell,2721.0,0.393,1992215190887731200,TRADE
1763816089733,2025-11-22 12:54:49.733 UTC,ETH-USD,sell,2721.0,0.019,1992215190887731201,TRADE
1763816092547,2025-11-22 12:54:52.547 UTC,ETH-USD,sell,2720.1,0.004,1992215202690502656,TRADE
1763816102039,2025-11-22 12:55:02.039 UTC,ETH-USD,buy,2719.6,0.216,1992215242502836230,TRADE
1763816102279,2025-11-22 12:55:02.279 UTC,ETH-USD,buy,2720.3,0.086,1992215243509469185,TRADE
1763816105463,2025-11-22 12:55:05.463 UTC,ETH-USD,buy,2720.3,0.183,1992215256864133120,TRADE
1763816109866,2025-11-22 12:55:09.866 UTC,ETH-USD,buy,2720.6,15.000,1992215275331653632,TRADE
1763816143144,2025-11-22 12:55:43.144 UTC,ETH-USD,sell,2720.2,0.019,1992215414909702144,TRADE
1763816143144,2025-11-22 12:55:43.144 UTC,ETH-USD,sell,2720.2,2.481,1992215414909702145,TRADE
1763816168392,2025-11-22 12:56:08.392 UTC,ETH-USD,buy,2720.3,0.158,1992215520807489543,TRADE
1763816168392,2025-11-22 12:56:08.392 UTC,ETH-USD,buy,2720.3,0.416,1992215520807489544,TRADE
1763816168392,2025-11-22 12:56:08.392 UTC,ETH-USD,buy,2720.3,0.065,1992215520807489545,TRADE
1763816168392,2025-11-22 12:56:08.392 UTC,ETH-USD,buy,2720.3,0.214,1992215520807489546,TRADE
1763816168392,2025-11-22 12:56:08.392 UTC,ETH-USD,buy,2720.3,0.015,1992215520807489547,TRADE
1763816221659,2025-11-22 12:57:01.659 UTC,ETH-USD,sell,2720.4,0.019,1992215744225480713,TRADE
1763816221809,2025-11-22 12:57:01.809 UTC,ETH-USD,sell,2720.2,0.037,1992215744854626304,TRADE
1763816221817,2025-11-22 12:57:01.817 UTC,ETH-USD,sell,2720.2,0.180,1992215744888180739,TRADE
1763816228250,2025-11-22 12:57:08.250 UTC,ETH-USD,buy,2718.8,0.206,1992215771870138368,TRADE
1763816228251,2025-11-22 12:57:08.251 UTC,ETH-USD,buy,2718.8,0.699,1992215771874332672,TRADE
1763816233682,2025-11-22 12:57:13.682 UTC,ETH-USD,sell,2718.7,5.000,1992215794653597696,TRADE
1763816236473,2025-11-22 12:57:16.473 UTC,ETH-USD,sell,2718.7,0.019,1992215806359900160,TRADE
1763816237794,2025-11-22 12:57:17.794 UTC,ETH-USD,buy,2718.3,1.381,1992215811900575746,TRADE
1763816237795,2025-11-22 12:57:17.795 UTC,ETH-USD,buy,2718.3,1.849,1992215811904770051,TRADE
1763816237810,2025-11-22 12:57:17.810 UTC,ETH-USD,buy,2718.3,2.521,1992215811967684613,TRADE
1763816237812,2025-11-22 12:57:17.812 UTC,ETH-USD,buy,2718.3,2.271,1992215811976073216,TRADE
1763816240950,2025-11-22 12:57:20.950 UTC,ETH-USD,sell,2718.2,0.110,1992215825137799170,TRADE
1763816241164,2025-11-22 12:57:21.164 UTC,ETH-USD,sell,2718.2,0.817,1992215826035380225,TRADE
1763816241847,2025-11-22 12:57:21.847 UTC,ETH-USD,sell,2717.8,0.020,1992215828900089858,TRADE
1763816271287,2025-11-22 12:57:51.287 UTC,ETH-USD,sell,2718.2,2.872,1992215952380399617,TRADE
1763816271289,2025-11-22 12:57:51.289 UTC,ETH-USD,sell,2718.2,0.182,1992215952388788224,TRADE
1763816279163,2025-11-22 12:57:59.163 UTC,ETH-USD,buy,2719.0,0.215,1992215985414737926,TRADE
1763816279163,2025-11-22 12:57:59.163 UTC,ETH-USD,buy,2719.0,0.149,1992215985414737927,TRADE
1763816279168,2025-11-22 12:57:59.168 UTC,ETH-USD,buy,2719.0,0.013,1992215985435709440,TRADE
1763816279607,2025-11-22 12:57:59.607 UTC,ETH-USD,buy,2719.6,0.090,1992215987277008896,TRADE
1763816295435,2025-11-22 12:58:15.435 UTC,ETH-USD,sell,2720.5,0.019,1992216053664452608,TRADE
1763816369222,2025-11-22 12:59:29.222 UTC,ETH-USD,sell,2721.2,0.196,1992216363149561856,TRADE
1763816376111,2025-11-22 12:59:36.111 UTC,ETH-USD,sell,2721.2,0.019,1992216392044122113,TRADE
1763816426267,2025-11-22 13:00:26.267 UTC,ETH-USD,buy,2721.3,0.020,1992216602413633537,TRADE
1763816435883,2025-11-22 13:00:35.883 UTC,ETH-USD,sell,2721.1,0.019,1992216642746060804,TRADE
1763816438078,2025-11-22 13:00:38.078 UTC,ETH-USD,buy,2720.8,0.112,1992216651952558080,TRADE
1763816438078,2025-11-22 13:00:38.078 UTC,ETH-USD,buy,2720.8,0.183,1992216651952558081,TRADE
1763816438078,2025-11-22 13:00:38.078 UTC,ETH-USD,buy,2720.8,5.427,1992216651952558082,TRADE
1763816465639,2025-11-22 13:01:05.639 UTC,ETH-USD,sell,2720.5,0.019,1992216767551770626,TRADE
1763816470469,2025-11-22 13:01:10.469 UTC,ETH-USD,sell,2719.8,0.019,1992216787810258944,TRADE
1763816511201,2025-11-22 13:01:51.201 UTC,ETH-USD,sell,2719.0,0.019,1992216958652649472,TRADE
1763816522841,2025-11-22 13:02:02.841 UTC,ETH-USD,sell,2717.9,0.020,1992217007474348033,TRADE
1763816527651,2025-11-22 13:02:07.651 UTC,ETH-USD,sell,2717.9,0.037,1992217027648950273,TRADE
1763816527658,2025-11-22 13:02:07.658 UTC,ETH-USD,sell,2717.9,0.146,1992217027678310400,TRADE
1763816527658,2025-11-22 13:02:07.658 UTC,ETH-USD,sell,2717.9,0.035,1992217027678310401,TRADE
1763816527866,2025-11-22 13:02:07.866 UTC,ETH-USD,sell,2717.9,0.037,1992217028550725638,TRADE
1763816528082,2025-11-22 13:02:08.082 UTC,ETH-USD,sell,2717.9,0.037,1992217029456695297,TRADE
1763816529409,2025-11-22 13:02:09.409 UTC,ETH-USD,sell,2717.9,0.037,1992217035022536704,TRADE
1763816529450,2025-11-22 13:02:09.450 UTC,ETH-USD,sell,2717.9,0.001,1992217035194503168,TRADE
1763816529450,2025-11-22 13:02:09.450 UTC,ETH-USD,sell,2717.8,0.112,1992217035194503169,TRADE
1763816540438,2025-11-22 13:02:20.438 UTC,ETH-USD,sell,2717.4,0.109,1992217081281515520,TRADE
1763816540506,2025-11-22 13:02:20.506 UTC,ETH-USD,sell,2717.4,4.340,1992217081566728196,TRADE
1763816544804,2025-11-22 13:02:24.804 UTC,ETH-USD,sell,2716.6,0.037,1992217099593846787,TRADE
1763816544956,2025-11-22 13:02:24.956 UTC,ETH-USD,sell,2716.6,0.109,1992217100231380995,TRADE
1763816544956,2025-11-22 13:02:24.956 UTC,ETH-USD,sell,2716.6,0.071,1992217100231380999,TRADE
1763816567453,2025-11-22 13:02:47.453 UTC,ETH-USD,buy,2715.1,0.092,1992217194590638081,TRADE
1763816567454,2025-11-22 13:02:47.454 UTC,ETH-USD,buy,2715.1,0.092,1992217194594832384,TRADE
1763816575732,2025-11-22 13:02:55.732 UTC,ETH-USD,sell,2715.5,0.143,1992217229315280896,TRADE
1763816577552,2025-11-22 13:02:57.552 UTC,ETH-USD,sell,2715.5,0.019,1992217236948914180,TRADE
1763816581214,2025-11-22 13:03:01.214 UTC,ETH-USD,buy,2714.6,0.309,1992217252308455426,TRADE
1763816581218,2025-11-22 13:03:01.218 UTC,ETH-USD,buy,2714.6,0.440,1992217252325232644,TRADE
1763816606303,2025-11-22 13:03:26.303 UTC,ETH-USD,sell,2714.4,0.140,1992217357539348483,TRADE
1763816626142,2025-11-22 13:03:46.142 UTC,ETH-USD,sell,2714.3,0.034,1992217440750145537,TRADE
1763816626142,2025-11-22 13:03:46.142 UTC,ETH-USD,sell,2714.3,0.019,1992217440750145538,TRADE
1763816626142,2025-11-22 13:03:46.142 UTC,ETH-USD,sell,2714.3,0.112,1992217440750145539,TRADE
1763816660108,2025-11-22 13:04:20.108 UTC,ETH-USD,sell,2714.8,0.019,1992217583213875202,TRADE
1763816685079,2025-11-22 13:04:45.079 UTC,ETH-USD,buy,2714.0,0.287,1992217687949840386,TRADE
1763816685081,2025-11-22 13:04:45.081 UTC,ETH-USD,buy,2714.0,0.287,1992217687958228992,TRADE
1763816701274,2025-11-22 13:05:01.274 UTC,ETH-USD,sell,2713.9,0.109,1992217755876593667,TRADE
1763816701294,2025-11-22 13:05:01.294 UTC,ETH-USD,sell,2713.9,0.096,1992217755960479748,TRADE
1763816701294,2025-11-22 13:05:01.294 UTC,ETH-USD,sell,2713.9,0.012,1992217755960479752,TRADE
1763816712293,2025-11-22 13:05:12.293 UTC,ETH-USD,buy,2712.2,0.034,1992217802093629442,TRADE
1763816713494,2025-11-22 13:05:13.494 UTC,ETH-USD,buy,2713.0,0.265,1992217807130988545,TRADE
1763816723974,2025-11-22 13:05:23.974 UTC,ETH-USD,buy,2713.7,0.037,1992217851087294464,TRADE
1763816724187,2025-11-22 13:05:24.187 UTC,ETH-USD,buy,2713.7,0.037,1992217851980681216,TRADE
1763816740036,2025-11-22 13:05:40.036 UTC,ETH-USD,sell,2716.2,0.108,1992217918456205314,TRADE
1763816743929,2025-11-22 13:05:43.929 UTC,ETH-USD,buy,2715.6,0.037,1992217934784630784,TRADE
1763816761124,2025-11-22 13:06:01.124 UTC,ETH-USD,sell,2716.5,0.468,1992218006905688065,TRADE
1763816761182,2025-11-22 13:06:01.182 UTC,ETH-USD,sell,2716.5,0.019,1992218007148957698,TRADE
1763816769197,2025-11-22 13:06:09.197 UTC,ETH-USD,buy,2716.1,0.037,1992218040766304257,TRADE
1763816781702,2025-11-22 13:06:21.702 UTC,ETH-USD,buy,2716.6,0.163,1992218093216075778,TRADE
1763816819027,2025-11-22 13:06:59.027 UTC,ETH-USD,buy,2717.9,0.037,1992218249768472576,TRADE
1763816819243,2025-11-22 13:06:59.243 UTC,ETH-USD,buy,2717.9,0.037,1992218250674442240,TRADE
1763816823084,2025-11-22 13:07:03.084 UTC,ETH-USD,sell,2718.5,0.081,1992218266784763906,TRADE
1763816823142,2025-11-22 13:07:03.142 UTC,ETH-USD,sell,2718.5,0.302,1992218267028033538,TRADE
1763816854393,2025-11-22 13:07:34.393 UTC,ETH-USD,sell,2718.6,0.019,1992218398104227840,TRADE
1763816861494,2025-11-22 13:07:41.494 UTC,ETH-USD,sell,2718.4,2.942,1992218427887980545,TRADE
1763816864648,2025-11-22 13:07:44.648 UTC,ETH-USD,sell,2718.4,0.019,1992218441116815361,TRADE
1763816904880,2025-11-22 13:08:24.880 UTC,ETH-USD,buy,2719.3,0.037,1992218609862053889,TRADE
1763816905088,2025-11-22 13:08:25.088 UTC,ETH-USD,buy,2719.3,0.037,1992218610734469122,TRADE
1763816905103,2025-11-22 13:08:25.103 UTC,ETH-USD,buy,2719.3,0.089,1992218610797383680,TRADE
1763816916239,2025-11-22 13:08:36.239 UTC,ETH-USD,buy,2720.4,0.020,1992218657505153024,TRADE
1763816922148,2025-11-22 13:08:42.148 UTC,ETH-USD,buy,2720.4,0.129,1992218682289295360,TRADE
1763816937894,2025-11-22 13:08:57.894 UTC,ETH-USD,buy,2722.0,0.163,1992218748332806147,TRADE
1763816939550,2025-11-22 13:08:59.550 UTC,ETH-USD,buy,2722.9,0.037,1992218755278573570,TRADE
1763816944358,2025-11-22 13:09:04.358 UTC,ETH-USD,buy,2724.0,0.037,1992218775444787202,TRADE
1763816948423,2025-11-22 13:09:08.423 UTC,ETH-USD,sell,2723.9,0.367,1992218792494632962,TRADE
1763816949321,2025-11-22 13:09:09.321 UTC,ETH-USD,sell,2723.9,0.183,1992218796261117952,TRADE
1763816949321,2025-11-22 13:09:09.321 UTC,ETH-USD,sell,2723.9,0.019,1992218796261117953,TRADE
1763816949321,2025-11-22 13:09:09.321 UTC,ETH-USD,sell,2723.9,0.005,1992218796261117954,TRADE
1763816953962,2025-11-22 13:09:13.962 UTC,ETH-USD,sell,2723.9,0.037,1992218815726882821,TRADE
1763816954174,2025-11-22 13:09:14.174 UTC,ETH-USD,sell,2723.9,0.037,1992218816616075264,TRADE
1763816954386,2025-11-22 13:09:14.386 UTC,ETH-USD,sell,2723.9,0.037,1992218817505267713,TRADE
1763816954600,2025-11-22 13:09:14.600 UTC,ETH-USD,sell,2723.9,0.037,1992218818402848769,TRADE
1763816954815,2025-11-22 13:09:14.815 UTC,ETH-USD,sell,2723.9,0.037,1992218819304624128,TRADE
1763816954907,2025-11-22 13:09:14.907 UTC,ETH-USD,sell,2723.9,0.027,1992218819690500099,TRADE
1763816954907,2025-11-22 13:09:14.907 UTC,ETH-USD,sell,2723.9,0.019,1992218819690500100,TRADE
1763816954907,2025-11-22 13:09:14.907 UTC,ETH-USD,sell,2723.9,0.037,1992218819690500101,TRADE
1763816960979,2025-11-22 13:09:20.979 UTC,ETH-USD,buy,2724.0,0.037,1992218845158313984,TRADE
1763816961193,2025-11-22 13:09:21.193 UTC,ETH-USD,buy,2724.0,0.037,1992218846055895041,TRADE
1763816961404,2025-11-22 13:09:21.404 UTC,ETH-USD,buy,2724.0,0.037,1992218846940893184,TRADE
1763816961616,2025-11-22 13:09:21.616 UTC,ETH-USD,buy,2724.0,0.037,1992218847830085633,TRADE
1763816961836,2025-11-22 13:09:21.836 UTC,ETH-USD,buy,2724.0,0.037,1992218848752832588,TRADE
1763816962053,2025-11-22 13:09:22.053 UTC,ETH-USD,buy,2724.0,0.037,1992218849662996481,TRADE
1763816962264,2025-11-22 13:09:22.264 UTC,ETH-USD,buy,2724.0,0.037,1992218850547994624,TRADE
1763816962796,2025-11-22 13:09:22.796 UTC,ETH-USD,buy,2724.0,0.018,1992218852779364353,TRADE
1763816963041,2025-11-22 13:09:23.041 UTC,ETH-USD,buy,2724.0,0.097,1992218853806968832,TRADE
1763816963687,2025-11-22 13:09:23.687 UTC,ETH-USD,buy,2724.0,0.424,1992218856516489216,TRADE
1763816963739,2025-11-22 13:09:23.739 UTC,ETH-USD,buy,2724.0,0.093,1992218856734593024,TRADE
1763816963906,2025-11-22 13:09:23.906 UTC,ETH-USD,buy,2724.0,0.072,1992218857435041792,TRADE
1763816964499,2025-11-22 13:09:24.499 UTC,ETH-USD,buy,2724.5,0.502,1992218859922264065,TRADE
1763816967177,2025-11-22 13:09:27.177 UTC,ETH-USD,sell,2725.2,0.456,1992218871154610179,TRADE
1763816973816,2025-11-22 13:09:33.816 UTC,ETH-USD,sell,2725.2,0.387,1992218899000594432,TRADE
1763816973821,2025-11-22 13:09:33.821 UTC,ETH-USD,sell,2725.2,0.104,1992218899021565953,TRADE
1763816973856,2025-11-22 13:09:33.856 UTC,ETH-USD,sell,2725.2,0.037,1992218899168366594,TRADE
1763817003342,2025-11-22 13:10:03.342 UTC,ETH-USD,sell,2724.8,0.019,1992219022841614336,TRADE
1763817003342,2025-11-22 13:10:03.342 UTC,ETH-USD,sell,2724.7,0.018,1992219022841614337,TRADE
1763817005354,2025-11-22 13:10:05.354 UTC,ETH-USD,buy,2724.4,0.214,1992219031280553987,TRADE
1763817012029,2025-11-22 13:10:12.029 UTC,ETH-USD,buy,2727.5,0.163,1992219059277533185,TRADE
1763817014109,2025-11-22 13:10:14.109 UTC,ETH-USD,buy,2728.7,1.370,1992219068001685504,TRADE
1763817032230,2025-11-22 13:10:32.230 UTC,ETH-USD,sell,2728.2,0.217,1992219144006668290,TRADE
1763817044051,2025-11-22 13:10:44.051 UTC,ETH-USD,buy,2729.0,1.000,1992219193587535873,TRADE
1763817046487,2025-11-22 13:10:46.487 UTC,ETH-USD,buy,2730.3,0.103,1992219203804860416,TRADE
1763817046498,2025-11-22 13:10:46.498 UTC,ETH-USD,buy,2730.3,0.060,1992219203850997763,TRADE
1763817048264,2025-11-22 13:10:48.264 UTC,ETH-USD,buy,2731.0,0.193,1992219211258138624,TRADE
1763817048281,2025-11-22 13:10:48.281 UTC,ETH-USD,buy,2731.0,1.385,1992219211329441792,TRADE
1763817048283,2025-11-22 13:10:48.283 UTC,ETH-USD,buy,2731.0,0.237,1992219211337830400,TRADE
1763817064838,2025-11-22 13:11:04.838 UTC,ETH-USD,buy,2731.9,0.119,1992219280774533122,TRADE
1763817064916,2025-11-22 13:11:04.916 UTC,ETH-USD,buy,2731.9,1.037,1992219281101688832,TRADE
1763817068128,2025-11-22 13:11:08.128 UTC,ETH-USD,sell,2733.1,0.115,1992219294573793282,TRADE
1763817078278,2025-11-22 13:11:18.278 UTC,ETH-USD,buy,2733.7,0.260,1992219337145978880,TRADE
1763817088936,2025-11-22 13:11:28.936 UTC,ETH-USD,sell,2733.6,0.172,1992219381848870915,TRADE
1763817088936,2025-11-22 13:11:28.936 UTC,ETH-USD,sell,2733.6,0.045,1992219381848870922,TRADE
1763817098044,2025-11-22 13:11:38.044 UTC,ETH-USD,sell,2730.5,0.019,1992219420050591752,TRADE
1763817105216,2025-11-22 13:11:45.216 UTC,ETH-USD,sell,2730.3,0.082,1992219450132140034,TRADE
1763817105533,2025-11-22 13:11:45.533 UTC,ETH-USD,sell,2730.3,0.118,1992219451461734401,TRADE
1763817105592,2025-11-22 13:11:45.592 UTC,ETH-USD,sell,2730.3,0.017,1992219451709198336,TRADE
1763817117890,2025-11-22 13:11:57.890 UTC,ETH-USD,sell,2729.3,0.048,1992219503290748928,TRADE
1763817139209,2025-11-22 13:12:19.209 UTC,ETH-USD,buy,2728.0,0.085,1992219592709115904,TRADE
1763817139212,2025-11-22 13:12:19.212 UTC,ETH-USD,buy,2728.0,0.095,1992219592721698817,TRADE
1763817139218,2025-11-22 13:12:19.218 UTC,ETH-USD,buy,2728.0,1.003,1992219592746864640,TRADE
1763817145665,2025-11-22 13:12:25.665 UTC,ETH-USD,buy,2728.0,0.103,1992219619787542530,TRADE
1763817145671,2025-11-22 13:12:25.671 UTC,ETH-USD,buy,2728.0,0.148,1992219619812708354,TRADE
1763817146203,2025-11-22 13:12:26.203 UTC,ETH-USD,buy,2728.0,0.120,1992219622044078080,TRADE
1763817146449,2025-11-22 13:12:26.449 UTC,ETH-USD,buy,2728.0,0.217,1992219623075876864,TRADE
1763817146662,2025-11-22 13:12:26.662 UTC,ETH-USD,buy,2728.0,0.143,1992219623969263616,TRADE
1763817146882,2025-11-22 13:12:26.882 UTC,ETH-USD,buy,2728.0,0.074,1992219624892010498,TRADE
1763817146952,2025-11-22 13:12:26.952 UTC,ETH-USD,buy,2728.0,0.143,1992219625185611776,TRADE
1763817161374,2025-11-22 13:12:41.374 UTC,ETH-USD,sell,2729.2,0.019,1992219685675864067,TRADE
1763817207725,2025-11-22 13:13:27.725 UTC,ETH-USD,buy,2729.1,7.046,1992219880086048768,TRADE
1763817220624,2025-11-22 13:13:40.624 UTC,ETH-USD,buy,2729.5,6.538,1992219934188376064,TRADE
1763817260629,2025-11-22 13:14:20.629 UTC,ETH-USD,sell,2730.1,0.019,1992220101981507585,TRADE
1763817266332,2025-11-22 13:14:26.332 UTC,ETH-USD,sell,2729.0,0.668,1992220125901623301,TRADE
1763817284474,2025-11-22 13:14:44.474 UTC,ETH-USD,sell,2727.8,0.037,1992220201994686464,TRADE
1763817284686,2025-11-22 13:14:44.686 UTC,ETH-USD,sell,2727.8,0.037,1992220202883878913,TRADE
1763817305329,2025-11-22 13:15:05.329 UTC,ETH-USD,sell,2729.6,0.853,1992220289466896384,TRADE
1763817305354,2025-11-22 13:15:05.354 UTC,ETH-USD,sell,2729.6,0.113,1992220289571753989,TRADE
1763817316901,2025-11-22 13:15:16.901 UTC,ETH-USD,sell,2729.3,0.019,1992220338003382273,TRADE
1763817328621,2025-11-22 13:15:28.621 UTC,ETH-USD,sell,2728.1,0.037,1992220387160625153,TRADE
1763817328649,2025-11-22 13:15:28.649 UTC,ETH-USD,sell,2728.1,0.090,1992220387278065673,TRADE
1763817328836,2025-11-22 13:15:28.836 UTC,ETH-USD,sell,2728.1,0.037,1992220388062400582,TRADE
1763817329049,2025-11-22 13:15:29.049 UTC,ETH-USD,sell,2728.1,0.037,1992220388955787268,TRADE
1763817329213,2025-11-22 13:15:29.213 UTC,ETH-USD,sell,2728.1,0.695,1992220389643653120,TRADE
1763817329263,2025-11-22 13:15:29.263 UTC,ETH-USD,sell,2728.1,0.037,1992220389853368321,TRADE
1763817329268,2025-11-22 13:15:29.268 UTC,ETH-USD,sell,2728.1,0.492,1992220389874339844,TRADE
1763817342540,2025-11-22 13:15:42.540 UTC,ETH-USD,buy,2727.7,5.000,1992220445541142528,TRADE
1763817342823,2025-11-22 13:15:42.823 UTC,ETH-USD,sell,2727.6,0.019,1992220446728130567,TRADE
1763817342823,2025-11-22 13:15:42.823 UTC,ETH-USD,sell,2727.6,0.002,1992220446728130568,TRADE
1763817343803,2025-11-22 13:15:43.803 UTC,ETH-USD,sell,2727.6,0.002,1992220450838548482,TRADE
1763817343860,2025-11-22 13:15:43.860 UTC,ETH-USD,buy,2727.7,0.091,1992220451077623809,TRADE
1763817398487,2025-11-22 13:16:38.487 UTC,ETH-USD,buy,2727.8,0.156,1992220680199868418,TRADE
1763817398487,2025-11-22 13:16:38.487 UTC,ETH-USD,buy,2727.8,0.110,1992220680199868419,TRADE
1763817415989,2025-11-22 13:16:55.989 UTC,ETH-USD,buy,2727.6,2.539,1992220753608577024,TRADE
1763817415991,2025-11-22 13:16:55.991 UTC,ETH-USD,buy,2727.6,3.619,1992220753616965632,TRADE
1763817416761,2025-11-22 13:16:56.761 UTC,ETH-USD,sell,2727.5,0.073,1992220756846579712,TRADE
1763817417222,2025-11-22 13:16:57.222 UTC,ETH-USD,sell,2727.5,0.144,1992220758780153856,TRADE
1763817417222,2025-11-22 13:16:57.222 UTC,ETH-USD,sell,2727.5,0.637,1992220758780153857,TRADE
1763817417222,2025-11-22 13:16:57.222 UTC,ETH-USD,sell,2727.5,1.035,1992220758780153861,TRADE
1763817422690,2025-11-22 13:17:02.690 UTC,ETH-USD,buy,2727.1,0.100,1992220781714608131,TRADE
1763817422725,2025-11-22 13:17:02.725 UTC,ETH-USD,buy,2727.1,1.006,1992220781861408768,TRADE
1763817424803,2025-11-22 13:17:04.803 UTC,ETH-USD,sell,2727.0,0.019,1992220790577172487,TRADE
1763817425032,2025-11-22 13:17:05.032 UTC,ETH-USD,sell,2726.3,0.277,1992220791537668099,TRADE
1763817427794,2025-11-22 13:17:07.794 UTC,ETH-USD,sell,2725.6,1.792,1992220803122335744,TRADE
1763817440200,2025-11-22 13:17:20.200 UTC,ETH-USD,buy,2725.0,0.695,1992220855156871168,TRADE
1763817480377,2025-11-22 13:18:00.377 UTC,ETH-USD,sell,2726.8,0.019,1992221023671422976,TRADE
1763817480377,2025-11-22 13:18:00.377 UTC,ETH-USD,sell,2726.8,1.199,1992221023671422977,TRADE
1763817480377,2025-11-22 13:18:00.377 UTC,ETH-USD,sell,2726.8,0.466,1992221023671422981,TRADE
1763817493339,2025-11-22 13:18:13.339 UTC,ETH-USD,sell,2726.3,0.034,1992221078037991424,TRADE
1763817501662,2025-11-22 13:18:21.662 UTC,ETH-USD,buy,2726.0,0.153,1992221112947183616,TRADE
1763817501677,2025-11-22 13:18:21.677 UTC,ETH-USD,buy,2726.0,0.074,1992221113010098177,TRADE
1763817542391,2025-11-22 13:19:02.391 UTC,ETH-USD,sell,2725.3,0.019,1992221283776991234,TRADE
1763817542393,2025-11-22 13:19:02.393 UTC,ETH-USD,sell,2725.3,0.037,1992221283785379841,TRADE
1763817542469,2025-11-22 13:19:02.469 UTC,ETH-USD,sell,2725.3,0.018,1992221284104146944,TRADE
1763817542485,2025-11-22 13:19:02.485 UTC,ETH-USD,sell,2725.3,0.419,1992221284171255810,TRADE
1763817542502,2025-11-22 13:19:02.502 UTC,ETH-USD,sell,2725.3,0.037,1992221284242558977,TRADE
1763817597200,2025-11-22 13:19:57.200 UTC,ETH-USD,sell,2724.9,0.753,1992221513662599168,TRADE
1763817604659,2025-11-22 13:20:04.659 UTC,ETH-USD,sell,2724.9,0.019,1992221544947912704,TRADE
1763817636015,2025-11-22 13:20:36.015 UTC,ETH-USD,buy,2724.0,0.753,1992221676464508928,TRADE
1763817657454,2025-11-22 13:20:57.454 UTC,ETH-USD,sell,2723.9,0.019,1992221766386192384,TRADE
1763817661175,2025-11-22 13:21:01.175 UTC,ETH-USD,sell,2723.3,0.183,1992221781993197568,TRADE
1763817661175,2025-11-22 13:21:01.175 UTC,ETH-USD,sell,2723.3,0.521,1992221781993197569,TRADE
1763817668057,2025-11-22 13:21:08.057 UTC,ETH-USD,buy,2723.4,0.183,1992221810858397699,TRADE
1763817671925,2025-11-22 13:21:11.925 UTC,ETH-USD,buy,2723.3,0.183,1992221827081965568,TRADE
1763817672309,2025-11-22 13:21:12.309 UTC,ETH-USD,buy,2723.5,0.034,1992221828692578305,TRADE
1763817686333,2025-11-22 13:21:26.333 UTC,ETH-USD,sell,2724.1,0.019,1992221887513497600,TRADE
1763817718414,2025-11-22 13:21:58.414 UTC,ETH-USD,buy,2725.0,0.128,1992222022070964224,TRADE
1763817718416,2025-11-22 13:21:58.416 UTC,ETH-USD,buy,2725.0,1.038,1992222022079352832,TRADE
1763817718478,2025-11-22 13:21:58.478 UTC,ETH-USD,buy,2725.0,0.037,1992222022339399683,TRADE
1763817718480,2025-11-22 13:21:58.480 UTC,ETH-USD,buy,2725.0,1.012,1992222022347788288,TRADE
1763817720778,2025-11-22 13:22:00.778 UTC,ETH-USD,sell,2725.4,0.150,1992222031986298882,TRADE
1763817728068,2025-11-22 13:22:08.068 UTC,ETH-USD,sell,2727.4,0.287,1992222062562775042,TRADE
1763817729693,2025-11-22 13:22:09.693 UTC,ETH-USD,sell,2727.4,0.019,1992222069378519040,TRADE
1763817760405,2025-11-22 13:22:40.405 UTC,ETH-USD,sell,2727.2,0.019,1992222198193983488,TRADE
1763817771163,2025-11-22 13:22:51.163 UTC,ETH-USD,sell,2724.0,0.217,1992222243316305921,TRADE
1763817775301,2025-11-22 13:22:55.301 UTC,ETH-USD,sell,2722.2,1.195,1992222260672335874,TRADE
1763817798410,2025-11-22 13:23:18.410 UTC,ETH-USD,sell,2720.8,0.019,1992222357598507008,TRADE
1763817841614,2025-11-22 13:24:01.614 UTC,ETH-USD,sell,2719.3,0.217,1992222538809217026,TRADE
1763817841614,2025-11-22 13:24:01.614 UTC,ETH-USD,sell,2719.3,0.034,1992222538809217027,TRADE
1763817841706,2025-11-22 13:24:01.706 UTC,ETH-USD,sell,2719.0,1.000,1992222539195092994,TRADE
1763817841706,2025-11-22 13:24:01.706 UTC,ETH-USD,sell,2719.0,0.017,1992222539195092995,TRADE
1763817853556,2025-11-22 13:24:13.556 UTC,ETH-USD,buy,2717.5,0.037,1992222588897595392,TRADE
1763817853570,2025-11-22 13:24:13.570 UTC,ETH-USD,buy,2717.5,0.146,1992222588956315648,TRADE
1763817871795,2025-11-22 13:24:31.795 UTC,ETH-USD,sell,2717.3,0.121,1992222665397506050,TRADE
1763817874930,2025-11-22 13:24:34.930 UTC,ETH-USD,sell,2716.6,0.109,1992222678546649088,TRADE
1763817879658,2025-11-22 13:24:39.658 UTC,ETH-USD,sell,2716.1,0.262,1992222698377318400,TRADE
1763817880484,2025-11-22 13:24:40.484 UTC,ETH-USD,sell,2716.1,0.019,1992222701841813504,TRADE
1763817920182,2025-11-22 13:25:20.182 UTC,ETH-USD,sell,2716.1,0.276,1992222868347293699,TRADE
1763817930344,2025-11-22 13:25:30.344 UTC,ETH-USD,sell,2716.2,0.019,1992222910969810944,TRADE
1763817945896,2025-11-22 13:25:45.896 UTC,ETH-USD,sell,2715.9,0.605,1992222976199626752,TRADE
1763817946321,2025-11-22 13:25:46.321 UTC,ETH-USD,sell,2715.9,0.084,1992222977982205953,TRADE
1763817961676,2025-11-22 13:26:01.676 UTC,ETH-USD,sell,2715.6,0.084,1992223042385743875,TRADE
1763817963328,2025-11-22 13:26:03.328 UTC,ETH-USD,sell,2715.4,0.099,1992223049314734080,TRADE
1763817963372,2025-11-22 13:26:03.372 UTC,ETH-USD,sell,2715.4,0.079,1992223049499283456,TRADE
1763817963372,2025-11-22 13:26:03.372 UTC,ETH-USD,sell,2715.4,1.151,1992223049499283461,TRADE
1763817963461,2025-11-22 13:26:03.461 UTC,ETH-USD,sell,2715.4,0.037,1992223049872576513,TRADE
1763817963478,2025-11-22 13:26:03.478 UTC,ETH-USD,sell,2715.4,0.424,1992223049943879681,TRADE
1763817963674,2025-11-22 13:26:03.674 UTC,ETH-USD,sell,2715.4,0.037,1992223050765963264,TRADE
1763817963697,2025-11-22 13:26:03.697 UTC,ETH-USD,sell,2715.4,0.414,1992223050862432256,TRADE
1763817963887,2025-11-22 13:26:03.887 UTC,ETH-USD,sell,2715.4,0.037,1992223051659350016,TRADE
1763817964102,2025-11-22 13:26:04.102 UTC,ETH-USD,sell,2715.4,0.037,1992223052561125376,TRADE
1763817992734,2025-11-22 13:26:32.734 UTC,ETH-USD,sell,2715.7,0.019,1992223172652437506,TRADE
1763817993628,2025-11-22 13:26:33.628 UTC,ETH-USD,sell,2715.6,0.057,1992223176402145280,TRADE
1763817994743,2025-11-22 13:26:34.743 UTC,ETH-USD,sell,2715.5,0.050,1992223181078794241,TRADE
1763817995750,2025-11-22 13:26:35.750 UTC,ETH-USD,sell,2715.4,3.776,1992223185302458370,TRADE
1763817997015,2025-11-22 13:26:37.015 UTC,ETH-USD,buy,2715.5,0.360,1992223190608252929,TRADE
1763818031259,2025-11-22 13:27:11.259 UTC,ETH-USD,buy,2716.0,0.123,1992223334237999109,TRADE
1763818031261,2025-11-22 13:27:11.261 UTC,ETH-USD,buy,2716.0,0.605,1992223334246387715,TRADE
1763818031290,2025-11-22 13:27:11.290 UTC,ETH-USD,buy,2716.0,1.595,1992223334368022528,TRADE
1763818031290,2025-11-22 13:27:11.290 UTC,ETH-USD,buy,2716.0,1.034,1992223334368022532,TRADE
1763818052165,2025-11-22 13:27:32.165 UTC,ETH-USD,buy,2716.1,0.380,1992223421924118528,TRADE
1763818054639,2025-11-22 13:27:34.639 UTC,ETH-USD,buy,2716.1,3.900,1992223432300826625,TRADE
1763818061700,2025-11-22 13:27:41.700 UTC,ETH-USD,sell,2716.0,0.117,1992223461916807168,TRADE
1763818061701,2025-11-22 13:27:41.701 UTC,ETH-USD,sell,2716.0,0.283,1992223461921001473,TRADE
1763818061701,2025-11-22 13:27:41.701 UTC,ETH-USD,sell,2716.0,0.019,1992223461921001474,TRADE
1763818061701,2025-11-22 13:27:41.701 UTC,ETH-USD,sell,2716.0,0.002,1992223461921001475,TRADE
1763818061702,2025-11-22 13:27:41.702 UTC,ETH-USD,sell,2716.0,0.026,1992223461925195777,TRADE
1763818061702,2025-11-22 13:27:41.702 UTC,ETH-USD,sell,2716.0,0.184,1992223461925195778,TRADE
1763818081187,2025-11-22 13:28:01.187 UTC,ETH-USD,buy,2716.2,0.408,1992223543651209220,TRADE
1763818091358,2025-11-22 13:28:11.358 UTC,ETH-USD,buy,2716.2,0.161,1992223586311475204,TRADE
1763818094984,2025-11-22 13:28:14.984 UTC,ETH-USD,sell,2716.1,0.019,1992223601520021504,TRADE
1763818104343,2025-11-22 13:28:24.343 UTC,ETH-USD,buy,2715.9,0.037,1992223640774512641,TRADE
1763818104552,2025-11-22 13:28:24.552 UTC,ETH-USD,buy,2715.9,0.037,1992223641651122176,TRADE
1763818104765,2025-11-22 13:28:24.765 UTC,ETH-USD,buy,2715.9,0.037,1992223642544508928,TRADE
1763818111378,2025-11-22 13:28:31.378 UTC,ETH-USD,buy,2716.2,0.037,1992223670281441280,TRADE
1763818111594,2025-11-22 13:28:31.594 UTC,ETH-USD,buy,2716.2,0.037,1992223671187410946,TRADE
1763818122431,2025-11-22 13:28:42.431 UTC,ETH-USD,buy,2716.2,0.770,1992223716641083392,TRADE
1763818122473,2025-11-22 13:28:42.473 UTC,ETH-USD,buy,2716.2,0.214,1992223716817244160,TRADE
1763818122473,2025-11-22 13:28:42.473 UTC,ETH-USD,buy,2716.2,1.013,1992223716817244164,TRADE
1763818122479,2025-11-22 13:28:42.479 UTC,ETH-USD,buy,2716.2,0.037,1992223716842409984,TRADE
1763818122692,2025-11-22 13:28:42.692 UTC,ETH-USD,buy,2716.2,0.037,1992223717735796736,TRADE
1763818122904,2025-11-22 13:28:42.904 UTC,ETH-USD,buy,2716.2,0.037,1992223718624989186,TRADE
1763818123119,2025-11-22 13:28:43.119 UTC,ETH-USD,buy,2716.2,0.037,1992223719526764545,TRADE
1763818145873,2025-11-22 13:29:05.873 UTC,ETH-USD,sell,2716.8,0.037,1992223814963957764,TRADE
1763818145901,2025-11-22 13:29:05.901 UTC,ETH-USD,sell,2716.8,0.110,1992223815081398276,TRADE
1763818145947,2025-11-22 13:29:05.947 UTC,ETH-USD,sell,2716.8,1.217,1992223815274336256,TRADE
1763818146096,2025-11-22 13:29:06.096 UTC,ETH-USD,sell,2716.8,0.019,1992223815899287554,TRADE
1763818178524,2025-11-22 13:29:38.524 UTC,ETH-USD,buy,2716.7,0.187,1992223951912177667,TRADE
1763818178524,2025-11-22 13:29:38.524 UTC,ETH-USD,buy,2716.7,0.280,1992223951912177671,TRADE
1763818189310,2025-11-22 13:29:49.310 UTC,ETH-USD,buy,2717.1,0.095,1992223997151940608,TRADE
1763818195257,2025-11-22 13:29:55.257 UTC,ETH-USD,buy,2717.5,3.586,1992224022095466500,TRADE
1763818203449,2025-11-22 13:30:03.449 UTC,ETH-USD,sell,2717.8,0.019,1992224056455204865,TRADE
1763818205806,2025-11-22 13:30:05.806 UTC,ETH-USD,sell,2717.6,0.469,1992224066341179397,TRADE
1763818205806,2025-11-22 13:30:05.806 UTC,ETH-USD,sell,2717.6,1.189,1992224066341179402,TRADE
1763818205809,2025-11-22 13:30:05.809 UTC,ETH-USD,sell,2717.6,0.037,1992224066353762304,TRADE
1763818206023,2025-11-22 13:30:06.023 UTC,ETH-USD,sell,2717.6,0.037,1992224067251343364,TRADE
1763818206233,2025-11-22 13:30:06.233 UTC,ETH-USD,sell,2717.6,0.079,1992224068132147201,TRADE
1763818206238,2025-11-22 13:30:06.238 UTC,ETH-USD,sell,2717.6,0.037,1992224068153118720,TRADE
1763818206285,2025-11-22 13:30:06.285 UTC,ETH-USD,sell,2717.6,0.285,1992224068350251008,TRADE
1763818206452,2025-11-22 13:30:06.452 UTC,ETH-USD,sell,2717.6,0.037,1992224069050699777,TRADE
1763818206666,2025-11-22 13:30:06.666 UTC,ETH-USD,sell,2717.6,0.037,1992224069948280832,TRADE
1763818206880,2025-11-22 13:30:06.880 UTC,ETH-USD,sell,2717.6,0.037,1992224070845861888,TRADE
1763818207095,2025-11-22 13:30:07.095 UTC,ETH-USD,sell,2717.6,0.037,1992224071747637248,TRADE
1763818234849,2025-11-22 13:30:34.849 UTC,ETH-USD,buy,2718.3,1.610,1992224188156350464,TRADE
1763818260606,2025-11-22 13:31:00.606 UTC,ETH-USD,sell,2718.4,0.019,1992224296189038593,TRADE
1763818261628,2025-11-22 13:31:01.628 UTC,ETH-USD,sell,2717.6,0.037,1992224300475617282,TRADE
1763818265664,2025-11-22 13:31:05.664 UTC,ETH-USD,sell,2717.6,3.773,1992224317403828224,TRADE
1763818265670,2025-11-22 13:31:05.670 UTC,ETH-USD,sell,2717.6,0.138,1992224317428994049,TRADE
1763818265672,2025-11-22 13:31:05.672 UTC,ETH-USD,sell,2717.6,1.765,1992224317437382658,TRADE
1763818265676,2025-11-22 13:31:05.676 UTC,ETH-USD,sell,2717.6,3.530,1992224317454159872,TRADE
1763818266139,2025-11-22 13:31:06.139 UTC,ETH-USD,sell,2717.6,0.171,1992224319396122624,TRADE
1763818266153,2025-11-22 13:31:06.153 UTC,ETH-USD,sell,2717.6,0.400,1992224319454842883,TRADE
1763818266189,2025-11-22 13:31:06.189 UTC,ETH-USD,sell,2717.6,1.075,1992224319605837828,TRADE
1763818266191,2025-11-22 13:31:06.191 UTC,ETH-USD,sell,2717.6,0.123,1992224319614226434,TRADE
1763818266267,2025-11-22 13:31:06.267 UTC,ETH-USD,sell,2717.6,0.037,1992224319932993536,TRADE
1763818266282,2025-11-22 13:31:06.282 UTC,ETH-USD,sell,2717.6,0.412,1992224319995908096,TRADE
1763818266319,2025-11-22 13:31:06.319 UTC,ETH-USD,sell,2717.6,0.213,1992224320151097345,TRADE
1763818266498,2025-11-22 13:31:06.498 UTC,ETH-USD,sell,2717.6,0.414,1992224320901877763,TRADE
1763818266538,2025-11-22 13:31:06.538 UTC,ETH-USD,sell,2717.6,0.065,1992224321069649922,TRADE
1763818266651,2025-11-22 13:31:06.651 UTC,ETH-USD,sell,2717.6,0.165,1992224321543606272,TRADE
1763818266653,2025-11-22 13:31:06.653 UTC,ETH-USD,sell,2717.6,0.083,1992224321551994880,TRADE
1763818266669,2025-11-22 13:31:06.669 UTC,ETH-USD,sell,2717.6,0.327,1992224321619103745,TRADE
1763818275646,2025-11-22 13:31:15.646 UTC,ETH-USD,buy,2717.0,0.160,1992224359271370752,TRADE
1763818278094,2025-11-22 13:31:18.094 UTC,ETH-USD,buy,2717.0,0.220,1992224369539026944,TRADE
1763818278094,2025-11-22 13:31:18.094 UTC,ETH-USD,buy,2717.0,0.209,1992224369539026949,TRADE
1763818278094,2025-11-22 13:31:18.094 UTC,ETH-USD,buy,2717.0,0.048,1992224369539026950,TRADE
1763818278094,2025-11-22 13:31:18.094 UTC,ETH-USD,buy,2717.0,0.603,1992224369539026958,TRADE
1763818278094,2025-11-22 13:31:18.094 UTC,ETH-USD,buy,2717.0,0.163,1992224369539026959,TRADE
1763818278094,2025-11-22 13:31:18.094 UTC,ETH-USD,buy,2717.0,0.064,1992224369539026960,TRADE
1763818278094,2025-11-22 13:31:18.094 UTC,ETH-USD,buy,2717.0,0.218,1992224369539026961,TRADE
1763818278094,2025-11-22 13:31:18.094 UTC,ETH-USD,buy,2717.0,0.639,1992224369539026962,TRADE
1763818278094,2025-11-22 13:31:18.094 UTC,ETH-USD,buy,2717.0,2.457,1992224369539026966,TRADE
1763818302292,2025-11-22 13:31:42.292 UTC,ETH-USD,sell,2718.0,0.019,1992224471032795136,TRADE
1763818312838,2025-11-22 13:31:52.838 UTC,ETH-USD,sell,2717.1,18.403,1992224515265925121,TRADE
1763818312838,2025-11-22 13:31:52.838 UTC,ETH-USD,sell,2717.1,0.112,1992224515265925122,TRADE
1763818312838,2025-11-22 13:31:52.838 UTC,ETH-USD,sell,2717.1,0.184,1992224515265925123,TRADE
1763818312838,2025-11-22 13:31:52.838 UTC,ETH-USD,sell,2717.1,0.064,1992224515265925124,TRADE
1763818312838,2025-11-22 13:31:52.838 UTC,ETH-USD,sell,2717.1,0.157,1992224515265925125,TRADE
1763818312838,2025-11-22 13:31:52.838 UTC,ETH-USD,sell,2717.1,0.415,1992224515265925126,TRADE
1763818312838,2025-11-22 13:31:52.838 UTC,ETH-USD,sell,2717.0,0.112,1992224515265925127,TRADE
1763818312838,2025-11-22 13:31:52.838 UTC,ETH-USD,sell,2716.8,0.213,1992224515265925128,TRADE
1763818312838,2025-11-22 13:31:52.838 UTC,ETH-USD,sell,2716.7,1.840,1992224515265925129,TRADE
1763818312838,2025-11-22 13:31:52.838 UTC,ETH-USD,sell,2716.6,15.276,1992224515265925130,TRADE
1763818313055,2025-11-22 13:31:53.055 UTC,ETH-USD,sell,2717.1,0.112,1992224516176089088,TRADE
1763818313055,2025-11-22 13:31:53.055 UTC,ETH-USD,sell,2717.1,0.030,1992224516176089089,TRADE
1763818313078,2025-11-22 13:31:53.078 UTC,ETH-USD,sell,2717.1,2.441,1992224516272558081,TRADE
1763818313123,2025-11-22 13:31:53.123 UTC,ETH-USD,sell,2717.1,5.400,1992224516461301760,TRADE
1763818313331,2025-11-22 13:31:53.331 UTC,ETH-USD,sell,2717.1,0.687,1992224517333716993,TRADE
1763818313587,2025-11-22 13:31:53.587 UTC,ETH-USD,sell,2717.1,0.145,1992224518407458820,TRADE
1763818313923,2025-11-22 13:31:53.923 UTC,ETH-USD,sell,2717.1,0.758,1992224519816744963,TRADE
1763818315203,2025-11-22 13:31:55.203 UTC,ETH-USD,sell,2717.1,0.183,1992224525185454081,TRADE
1763818315434,2025-11-22 13:31:55.434 UTC,ETH-USD,sell,2717.1,0.349,1992224526154338304,TRADE
1763818316516,2025-11-22 13:31:56.516 UTC,ETH-USD,sell,2717.1,0.698,1992224530692575234,TRADE
1763818316528,2025-11-22 13:31:56.528 UTC,ETH-USD,sell,2717.1,1.112,1992224530742906880,TRADE
1763818326701,2025-11-22 13:32:06.701 UTC,ETH-USD,sell,2715.8,0.101,1992224573411561472,TRADE
1763818337663,2025-11-22 13:32:17.663 UTC,ETH-USD,buy,2716.0,0.292,1992224619389521921,TRADE
1763818338088,2025-11-22 13:32:18.088 UTC,ETH-USD,buy,2716.0,0.090,1992224621172101120,TRADE
1763818338113,2025-11-22 13:32:18.113 UTC,ETH-USD,buy,2716.0,1.012,1992224621276958720,TRADE
1763818350314,2025-11-22 13:32:30.314 UTC,ETH-USD,buy,2716.6,0.671,1992224672451661826,TRADE
1763818354981,2025-11-22 13:32:34.981 UTC,ETH-USD,sell,2717.1,0.294,1992224692026478598,TRADE
1763818360595,2025-11-22 13:32:40.595 UTC,ETH-USD,buy,2717.4,1.839,1992224715573301248,TRADE
1763818374415,2025-11-22 13:32:54.415 UTC,ETH-USD,sell,2717.1,0.671,1992224773538582528,TRADE
1763818385269,2025-11-22 13:33:05.269 UTC,ETH-USD,buy,2717.2,0.037,1992224819063558145,TRADE
1763818394197,2025-11-22 13:33:14.197 UTC,ETH-USD,buy,2718.4,0.037,1992224856510304256,TRADE
1763818394413,2025-11-22 13:33:14.413 UTC,ETH-USD,buy,2718.4,0.037,1992224857416273921,TRADE
1763818394626,2025-11-22 13:33:14.626 UTC,ETH-USD,buy,2718.4,0.037,1992224858309660672,TRADE
1763818394840,2025-11-22 13:33:14.840 UTC,ETH-USD,buy,2718.4,0.037,1992224859207241728,TRADE
1763818395055,2025-11-22 13:33:15.055 UTC,ETH-USD,buy,2718.4,0.037,1992224860109017088,TRADE
1763818395265,2025-11-22 13:33:15.265 UTC,ETH-USD,buy,2718.4,0.037,1992224860989820932,TRADE
1763818399926,2025-11-22 13:33:19.926 UTC,ETH-USD,buy,2718.9,0.037,1992224880539471876,TRADE
1763818401015,2025-11-22 13:33:21.015 UTC,ETH-USD,buy,2719.2,0.034,1992224885107068931,TRADE
1763818401015,2025-11-22 13:33:21.015 UTC,ETH-USD,buy,2719.2,0.003,1992224885107068932,TRADE
1763818415481,2025-11-22 13:33:35.481 UTC,ETH-USD,sell,2719.2,0.019,1992224945781870593,TRADE
1763818418283,2025-11-22 13:33:38.283 UTC,ETH-USD,sell,2718.5,0.019,1992224957534310400,TRADE
1763818443091,2025-11-22 13:34:03.091 UTC,ETH-USD,buy,2715.9,0.184,1992225061586604033,TRADE
1763818443091,2025-11-22 13:34:03.091 UTC,ETH-USD,buy,2715.9,1.031,1992225061586604034,TRADE
1763818443093,2025-11-22 13:34:03.093 UTC,ETH-USD,buy,2715.9,0.140,1992225061594992640,TRADE
1763818443184,2025-11-22 13:34:03.184 UTC,ETH-USD,buy,2715.9,1.127,1992225061976674308,TRADE
1763818443200,2025-11-22 13:34:03.200 UTC,ETH-USD,buy,2715.9,1.027,1992225062043783168,TRADE
1763818450730,2025-11-22 13:34:10.730 UTC,ETH-USD,sell,2717.0,0.784,1992225093626892289,TRADE
1763818490540,2025-11-22 13:34:50.540 UTC,ETH-USD,buy,2719.3,0.109,1992225260602134528,TRADE
1763818506781,2025-11-22 13:35:06.781 UTC,ETH-USD,sell,2721.2,0.036,1992225328721825793,TRADE
1763818508664,2025-11-22 13:35:08.664 UTC,ETH-USD,sell,2721.2,0.478,1992225336619700226,TRADE
1763818517927,2025-11-22 13:35:17.927 UTC,ETH-USD,sell,2719.2,0.728,1992225375471538179,TRADE
1763818520453,2025-11-22 13:35:20.453 UTC,ETH-USD,sell,2719.2,0.184,1992225386066350080,TRADE
1763818522985,2025-11-22 13:35:22.985 UTC,ETH-USD,sell,2719.4,0.047,1992225396686327808,TRADE
1763818537378,2025-11-22 13:35:37.378 UTC,ETH-USD,sell,2719.4,0.019,1992225457054945281,TRADE
1763818544914,2025-11-22 13:35:44.914 UTC,ETH-USD,sell,2719.3,0.019,1992225488663220226,TRADE
1763818549528,2025-11-22 13:35:49.528 UTC,ETH-USD,sell,2718.8,0.034,1992225508015738881,TRADE
1763818560480,2025-11-22 13:36:00.480 UTC,ETH-USD,sell,2718.0,0.137,1992225553951756289,TRADE
1763818571594,2025-11-22 13:36:11.594 UTC,ETH-USD,sell,2716.6,0.037,1992225600567250945,TRADE
1763818571606,2025-11-22 13:36:11.606 UTC,ETH-USD,sell,2716.6,0.072,1992225600617582593,TRADE
1763818578810,2025-11-22 13:36:18.810 UTC,ETH-USD,sell,2715.8,0.037,1992225630833348609,TRADE
1763818579711,2025-11-22 13:36:19.711 UTC,ETH-USD,sell,2715.8,0.637,1992225634612416517,TRADE
1763818579726,2025-11-22 13:36:19.726 UTC,ETH-USD,sell,2715.8,0.037,1992225634675331080,TRADE
1763818579761,2025-11-22 13:36:19.761 UTC,ETH-USD,sell,2715.8,1.056,1992225634822131712,TRADE
1763818579767,2025-11-22 13:36:19.767 UTC,ETH-USD,sell,2715.8,0.278,1992225634847297539,TRADE
1763818579883,2025-11-22 13:36:19.883 UTC,ETH-USD,sell,2715.8,0.037,1992225635333836802,TRADE
1763818579892,2025-11-22 13:36:19.892 UTC,ETH-USD,sell,2715.8,1.498,1992225635371585537,TRADE
1763818579892,2025-11-22 13:36:19.892 UTC,ETH-USD,sell,2715.8,0.112,1992225635371585538,TRADE
1763818579898,2025-11-22 13:36:19.898 UTC,ETH-USD,sell,2715.7,0.112,1992225635396751360,TRADE
1763818579909,2025-11-22 13:36:19.909 UTC,ETH-USD,sell,2715.8,0.037,1992225635442888707,TRADE
1763818579910,2025-11-22 13:36:19.910 UTC,ETH-USD,sell,2715.8,0.075,1992225635447083011,TRADE
1763818583040,2025-11-22 13:36:23.040 UTC,ETH-USD,buy,2715.3,0.420,1992225648575254529,TRADE
1763818602978,2025-11-22 13:36:42.978 UTC,ETH-USD,sell,2715.2,0.019,1992225732201287680,TRADE
1763818602978,2025-11-22 13:36:42.978 UTC,ETH-USD,sell,2715.2,0.018,1992225732201287681,TRADE
1763818607850,2025-11-22 13:36:47.850 UTC,ETH-USD,sell,2714.9,0.020,1992225752635936769,TRADE
1763818610233,2025-11-22 13:36:50.233 UTC,ETH-USD,sell,2714.0,0.037,1992225762630963203,TRADE
1763818610449,2025-11-22 13:36:50.449 UTC,ETH-USD,sell,2714.0,0.037,1992225763536932875,TRADE
1763818610460,2025-11-22 13:36:50.460 UTC,ETH-USD,sell,2714.0,0.926,1992225763583070212,TRADE
1763818610714,2025-11-22 13:36:50.714 UTC,ETH-USD,sell,2713.9,0.109,1992225764648423427,TRADE
1763818620413,2025-11-22 13:37:00.413 UTC,ETH-USD,sell,2713.8,0.112,1992225805328977920,TRADE
1763818630051,2025-11-22 13:37:10.051 UTC,ETH-USD,sell,2712.3,0.652,1992225845753679873,TRADE
1763818648648,2025-11-22 13:37:28.648 UTC,ETH-USD,buy,2711.8,3.709,1992225923755151361,TRADE
1763818648650,2025-11-22 13:37:28.650 UTC,ETH-USD,buy,2711.8,3.805,1992225923763539970,TRADE
1763818662308,2025-11-22 13:37:42.308 UTC,ETH-USD,sell,2713.0,0.184,1992225981049344000,TRADE
1763818662308,2025-11-22 13:37:42.308 UTC,ETH-USD,sell,2713.0,9.760,1992225981049344001,TRADE
1763818676682,2025-11-22 13:37:56.682 UTC,ETH-USD,sell,2713.6,0.109,1992226041338269697,TRADE
1763818676685,2025-11-22 13:37:56.685 UTC,ETH-USD,sell,2713.6,2.162,1992226041350852609,TRADE
1763818680842,2025-11-22 13:38:00.842 UTC,ETH-USD,sell,2713.6,0.019,1992226058786574340,TRADE
1763818680879,2025-11-22 13:38:00.879 UTC,ETH-USD,sell,2713.5,0.075,1992226058941763588,TRADE
1763818681394,2025-11-22 13:38:01.394 UTC,ETH-USD,sell,2713.5,0.106,1992226061101830147,TRADE
1763818681452,2025-11-22 13:38:01.452 UTC,ETH-USD,sell,2713.5,0.036,1992226061345099776,TRADE
1763818681452,2025-11-22 13:38:01.452 UTC,ETH-USD,sell,2713.5,0.106,1992226061345099777,TRADE
1763818681653,2025-11-22 13:38:01.653 UTC,ETH-USD,sell,2713.5,0.006,1992226062188154881,TRADE
1763818681878,2025-11-22 13:38:01.878 UTC,ETH-USD,sell,2713.5,0.112,1992226063131873280,TRADE
1763818682090,2025-11-22 13:38:02.090 UTC,ETH-USD,sell,2713.4,0.112,1992226064021065729,TRADE
1763818682520,2025-11-22 13:38:02.520 UTC,ETH-USD,buy,2712.9,0.220,1992226065824616451,TRADE
1763818711324,2025-11-22 13:38:31.324 UTC,ETH-USD,buy,2713.9,0.037,1992226186637348865,TRADE
1763818711538,2025-11-22 13:38:31.538 UTC,ETH-USD,buy,2713.9,0.037,1992226187534929922,TRADE
1763818711753,2025-11-22 13:38:31.753 UTC,ETH-USD,buy,2713.9,0.037,1992226188436705280,TRADE
1763818711966,2025-11-22 13:38:31.966 UTC,ETH-USD,buy,2713.9,0.037,1992226189330092032,TRADE
1763818712181,2025-11-22 13:38:32.181 UTC,ETH-USD,buy,2713.9,0.037,1992226190231867392,TRADE
1763818720731,2025-11-22 13:38:40.731 UTC,ETH-USD,buy,2713.8,0.769,1992226226093166593,TRADE
1763818720733,2025-11-22 13:38:40.733 UTC,ETH-USD,buy,2713.8,0.725,1992226226101555200,TRADE
1763818724650,2025-11-22 13:38:44.650 UTC,ETH-USD,buy,2714.1,18.422,1992226242530643968,TRADE
1763818724650,2025-11-22 13:38:44.650 UTC,ETH-USD,buy,2714.1,18.422,1992226242530643969,TRADE
1763818740616,2025-11-22 13:39:00.616 UTC,ETH-USD,sell,2714.0,0.019,1992226309496901633,TRADE
1763818740616,2025-11-22 13:39:00.616 UTC,ETH-USD,sell,2714.0,0.072,1992226309496901634,TRADE
1763818802682,2025-11-22 13:40:02.682 UTC,ETH-USD,sell,2714.6,0.750,1992226569820573696,TRADE
1763818809846,2025-11-22 13:40:09.846 UTC,ETH-USD,buy,2715.9,0.276,1992226599868567553,TRADE
1763818809846,2025-11-22 13:40:09.846 UTC,ETH-USD,buy,2715.9,0.683,1992226599868567554,TRADE
1763818811600,2025-11-22 13:40:11.600 UTC,ETH-USD,buy,2715.9,0.037,1992226607225376768,TRADE
1763818830476,2025-11-22 13:40:30.476 UTC,ETH-USD,sell,2715.5,0.019,1992226686397059073,TRADE
1763818849528,2025-11-22 13:40:49.528 UTC,ETH-USD,sell,2715.3,0.019,1992226766306938881,TRADE
1763818875602,2025-11-22 13:41:15.602 UTC,ETH-USD,sell,2713.6,0.208,1992226875669221378,TRADE
1763818875635,2025-11-22 13:41:15.635 UTC,ETH-USD,sell,2713.6,0.037,1992226875807633412,TRADE
1763818877387,2025-11-22 13:41:17.387 UTC,ETH-USD,buy,2713.7,0.184,1992226883156054018,TRADE
1763818877387,2025-11-22 13:41:17.387 UTC,ETH-USD,buy,2713.7,2.215,1992226883156054019,TRADE
1763818877388,2025-11-22 13:41:17.388 UTC,ETH-USD,buy,2713.7,1.518,1992226883160248320,TRADE
1763818880396,2025-11-22 13:41:20.396 UTC,ETH-USD,sell,2714.2,0.112,1992226895776714752,TRADE
1763818880396,2025-11-22 13:41:20.396 UTC,ETH-USD,sell,2714.2,0.300,1992226895776714753,TRADE
1763818883352,2025-11-22 13:41:23.352 UTC,ETH-USD,buy,2714.3,0.159,1992226908175077376,TRADE
1763818883352,2025-11-22 13:41:23.352 UTC,ETH-USD,buy,2714.3,0.341,1992226908175077377,TRADE
1763818886232,2025-11-22 13:41:26.232 UTC,ETH-USD,sell,2714.2,0.108,1992226920254672896,TRADE
1763818886575,2025-11-22 13:41:26.575 UTC,ETH-USD,sell,2714.2,0.019,1992226921693319168,TRADE
1763818886575,2025-11-22 13:41:26.575 UTC,ETH-USD,sell,2714.2,0.112,1992226921693319169,TRADE
1763818887055,2025-11-22 13:41:27.055 UTC,ETH-USD,sell,2714.0,0.091,1992226923706585092,TRADE
1763818891598,2025-11-22 13:41:31.598 UTC,ETH-USD,buy,2713.6,0.184,1992226942761308160,TRADE
1763818891598,2025-11-22 13:41:31.598 UTC,ETH-USD,buy,2713.6,0.316,1992226942761308161,TRADE
1763818898663,2025-11-22 13:41:38.663 UTC,ETH-USD,sell,2714.8,0.088,1992226972394065921,TRADE
1763818899769,2025-11-22 13:41:39.769 UTC,ETH-USD,buy,2714.7,0.500,1992226977032966144,TRADE
1763818906883,2025-11-22 13:41:46.883 UTC,ETH-USD,buy,2714.7,0.037,1992227006871244810,TRADE
1763818907046,2025-11-22 13:41:47.046 UTC,ETH-USD,buy,2714.7,0.037,1992227007554916356,TRADE
1763818907192,2025-11-22 13:41:47.192 UTC,ETH-USD,buy,2714.7,0.186,1992227008167284736,TRADE
1763818907414,2025-11-22 13:41:47.414 UTC,ETH-USD,buy,2715.5,0.219,1992227009098420224,TRADE
1763818907414,2025-11-22 13:41:47.414 UTC,ETH-USD,buy,2715.5,0.281,1992227009098420225,TRADE
1763818907898,2025-11-22 13:41:47.898 UTC,ETH-USD,sell,2715.4,1.287,1992227011128463366,TRADE
1763818907917,2025-11-22 13:41:47.917 UTC,ETH-USD,sell,2715.4,1.091,1992227011208155137,TRADE
1763818907917,2025-11-22 13:41:47.917 UTC,ETH-USD,sell,2715.4,0.151,1992227011208155141,TRADE
1763818915380,2025-11-22 13:41:55.380 UTC,ETH-USD,buy,2715.2,0.500,1992227042510245889,TRADE
1763818922362,2025-11-22 13:42:02.362 UTC,ETH-USD,buy,2715.9,0.500,1992227071794876418,TRADE
1763818930181,2025-11-22 13:42:10.181 UTC,ETH-USD,buy,2716.6,0.109,1992227104590139392,TRADE
1763818930181,2025-11-22 13:42:10.181 UTC,ETH-USD,buy,2716.6,0.391,1992227104590139393,TRADE
1763818939640,2025-11-22 13:42:19.640 UTC,ETH-USD,buy,2716.8,0.500,1992227144264060932,TRADE
1763818948432,2025-11-22 13:42:28.432 UTC,ETH-USD,buy,2717.8,0.034,1992227181140381698,TRADE
1763818948432,2025-11-22 13:42:28.432 UTC,ETH-USD,buy,2717.8,0.466,1992227181140381699,TRADE
1763818965855,2025-11-22 13:42:45.855 UTC,ETH-USD,buy,2718.6,9.944,1992227254217740289,TRADE
1763818967748,2025-11-22 13:42:47.748 UTC,ETH-USD,sell,2718.8,0.112,1992227262157557760,TRADE
1763818967748,2025-11-22 13:42:47.748 UTC,ETH-USD,sell,2718.8,2.287,1992227262157557761,TRADE
1763818984073,2025-11-22 13:43:04.073 UTC,ETH-USD,sell,2718.8,0.019,1992227330629570560,TRADE
1763818985693,2025-11-22 13:43:05.693 UTC,ETH-USD,buy,2718.7,1.272,1992227337424343040,TRADE
1763818994093,2025-11-22 13:43:14.093 UTC,ETH-USD,sell,2718.4,0.019,1992227372656496642,TRADE
1763818994093,2025-11-22 13:43:14.093 UTC,ETH-USD,sell,2718.4,0.171,1992227372656496643,TRADE
1763819003121,2025-11-22 13:43:23.121 UTC,ETH-USD,buy,2718.3,0.178,1992227410522673156,TRADE
1763819003162,2025-11-22 13:43:23.162 UTC,ETH-USD,buy,2718.3,1.056,1992227410694639617,TRADE
1763819003333,2025-11-22 13:43:23.333 UTC,ETH-USD,buy,2718.3,3.742,1992227411411865602,TRADE
1763819003429,2025-11-22 13:43:23.429 UTC,ETH-USD,buy,2718.3,1.517,1992227411814518785,TRADE
1763819003503,2025-11-22 13:43:23.503 UTC,ETH-USD,buy,2718.3,0.162,1992227412124897280,TRADE
1763819003512,2025-11-22 13:43:23.512 UTC,ETH-USD,buy,2718.3,3.803,1992227412162646016,TRADE
1763819040346,2025-11-22 13:44:00.346 UTC,ETH-USD,sell,2718.9,0.108,1992227566655639554,TRADE
1763819040349,2025-11-22 13:44:00.349 UTC,ETH-USD,sell,2718.9,1.115,1992227566668222471,TRADE
1763819040415,2025-11-22 13:44:00.415 UTC,ETH-USD,sell,2718.9,0.019,1992227566945046530,TRADE
1763819070300,2025-11-22 13:44:30.300 UTC,ETH-USD,buy,2719.3,0.037,1992227692291821569,TRADE
1763819070514,2025-11-22 13:44:30.514 UTC,ETH-USD,buy,2719.3,0.037,1992227693189402627,TRADE
1763819070726,2025-11-22 13:44:30.726 UTC,ETH-USD,buy,2719.3,0.037,1992227694078595075,TRADE
1763819071014,2025-11-22 13:44:31.014 UTC,ETH-USD,buy,2719.3,0.080,1992227695286554625,TRADE
1763819071094,2025-11-22 13:44:31.094 UTC,ETH-USD,buy,2719.3,0.026,1992227695622098945,TRADE
1763819071839,2025-11-22 13:44:31.839 UTC,ETH-USD,buy,2720.3,2.399,1992227698746855426,TRADE
1763819074774,2025-11-22 13:44:34.774 UTC,ETH-USD,buy,2720.3,0.879,1992227711057137664,TRADE
1763819090941,2025-11-22 13:44:50.941 UTC,ETH-USD,sell,2721.4,0.046,1992227778866450432,TRADE
1763819095845,2025-11-22 13:44:55.845 UTC,ETH-USD,sell,2721.0,0.019,1992227799435317250,TRADE
1763819101294,2025-11-22 13:45:01.294 UTC,ETH-USD,sell,2721.1,0.110,1992227822290079748,TRADE
1763819102599,2025-11-22 13:45:02.599 UTC,ETH-USD,sell,2720.8,0.037,1992227827763646466,TRADE
1763819115239,2025-11-22 13:45:15.239 UTC,ETH-USD,sell,2720.7,1.000,1992227880779649024,TRADE
1763819116498,2025-11-22 13:45:16.498 UTC,ETH-USD,buy,2720.8,0.020,1992227886060277766,TRADE
1763819119160,2025-11-22 13:45:19.160 UTC,ETH-USD,sell,2720.7,1.000,1992227897225515008,TRADE
1763819124891,2025-11-22 13:45:24.891 UTC,ETH-USD,sell,2720.7,1.000,1992227921263071232,TRADE
1763819126516,2025-11-22 13:45:26.516 UTC,ETH-USD,sell,2720.7,1.000,1992227928078815232,TRADE
1763819132012,2025-11-22 13:45:32.012 UTC,ETH-USD,sell,2720.7,1.000,1992227951130710016,TRADE
1763819140949,2025-11-22 13:45:40.949 UTC,ETH-USD,sell,2721.4,0.199,1992227988615204866,TRADE
1763819141774,2025-11-22 13:45:41.774 UTC,ETH-USD,sell,2721.4,0.037,1992227992075505664,TRADE
1763819141800,2025-11-22 13:45:41.800 UTC,ETH-USD,sell,2721.4,1.000,1992227992184557568,TRADE
1763819146903,2025-11-22 13:45:46.903 UTC,ETH-USD,sell,2721.2,0.019,1992228013588090880,TRADE
1763819149729,2025-11-22 13:45:49.729 UTC,ETH-USD,sell,2720.7,1.000,1992228025441193984,TRADE
1763819155998,2025-11-22 13:45:55.998 UTC,ETH-USD,sell,2720.7,1.000,1992228051735285760,TRADE
1763819158769,2025-11-22 13:45:58.769 UTC,ETH-USD,sell,2720.7,5.000,1992228063357702144,TRADE
1763819160938,2025-11-22 13:46:00.938 UTC,ETH-USD,sell,2720.3,1.000,1992228072455147520,TRADE
1763819164246,2025-11-22 13:46:04.246 UTC,ETH-USD,sell,2719.9,1.000,1992228086329905152,TRADE
1763819166368,2025-11-22 13:46:06.368 UTC,ETH-USD,sell,2719.6,1.000,1992228095230218241,TRADE
1763819166524,2025-11-22 13:46:06.524 UTC,ETH-USD,sell,2719.6,0.037,1992228095884529664,TRADE
1763819189311,2025-11-22 13:46:29.311 UTC,ETH-USD,buy,2721.7,0.037,1992228191460134912,TRADE
1763819191841,2025-11-22 13:46:31.841 UTC,ETH-USD,sell,2721.6,0.081,1992228202071724032,TRADE
1763819203200,2025-11-22 13:46:43.200 UTC,ETH-USD,buy,2722.0,0.037,1992228249714823169,TRADE
1763819203413,2025-11-22 13:46:43.413 UTC,ETH-USD,buy,2722.0,0.037,1992228250608209920,TRADE
1763819203526,2025-11-22 13:46:43.526 UTC,ETH-USD,buy,2722.0,0.143,1992228251082166273,TRADE
1763819203693,2025-11-22 13:46:43.693 UTC,ETH-USD,sell,2722.2,0.183,1992228251782615041,TRADE
1763819203693,2025-11-22 13:46:43.693 UTC,ETH-USD,sell,2722.2,36.661,1992228251782615042,TRADE
1763819212383,2025-11-22 13:46:52.383 UTC,ETH-USD,sell,2723.0,0.367,1992228288231116800,TRADE
1763819212407,2025-11-22 13:46:52.407 UTC,ETH-USD,sell,2723.0,0.716,1992228288331780096,TRADE
1763819214886,2025-11-22 13:46:54.886 UTC,ETH-USD,sell,2723.0,0.037,1992228298729459712,TRADE
1763819234527,2025-11-22 13:47:14.527 UTC,ETH-USD,sell,2723.3,0.078,1992228381109784577,TRADE
1763819234529,2025-11-22 13:47:14.529 UTC,ETH-USD,sell,2723.3,0.109,1992228381118173185,TRADE
1763819235435,2025-11-22 13:47:15.435 UTC,ETH-USD,sell,2723.3,0.019,1992228384918212612,TRADE
1763819247954,2025-11-22 13:47:27.954 UTC,ETH-USD,buy,2723.4,0.037,1992228437426704384,TRADE
1763819254606,2025-11-22 13:47:34.606 UTC,ETH-USD,sell,2723.3,0.081,1992228465327214592,TRADE
1763819263063,2025-11-22 13:47:43.063 UTC,ETH-USD,sell,2723.3,0.161,1992228500798443520,TRADE
1763819263063,2025-11-22 13:47:43.063 UTC,ETH-USD,sell,2723.3,0.422,1992228500798443521,TRADE
1763819263063,2025-11-22 13:47:43.063 UTC,ETH-USD,sell,2723.3,0.183,1992228500798443522,TRADE
1763819263063,2025-11-22 13:47:43.063 UTC,ETH-USD,sell,2723.3,0.218,1992228500798443523,TRADE
1763819263063,2025-11-22 13:47:43.063 UTC,ETH-USD,sell,2723.3,0.064,1992228500798443524,TRADE
1763819263063,2025-11-22 13:47:43.063 UTC,ETH-USD,sell,2723.3,0.641,1992228500798443525,TRADE
1763819263063,2025-11-22 13:47:43.063 UTC,ETH-USD,sell,2723.3,0.112,1992228500798443526,TRADE
1763819263063,2025-11-22 13:47:43.063 UTC,ETH-USD,sell,2723.3,0.249,1992228500798443527,TRADE
1763819263063,2025-11-22 13:47:43.063 UTC,ETH-USD,sell,2723.3,1.704,1992228500798443528,TRADE
1763819263063,2025-11-22 13:47:43.063 UTC,ETH-USD,sell,2723.3,1.246,1992228500798443529,TRADE
1763819275769,2025-11-22 13:47:55.769 UTC,ETH-USD,buy,2723.4,18.320,1992228554091270145,TRADE
1763819275769,2025-11-22 13:47:55.769 UTC,ETH-USD,buy,2723.4,0.183,1992228554091270146,TRADE
1763819275769,2025-11-22 13:47:55.769 UTC,ETH-USD,buy,2723.5,0.275,1992228554091270147,TRADE
1763819275769,2025-11-22 13:47:55.769 UTC,ETH-USD,buy,2723.6,17.940,1992228554091270148,TRADE
1763819285514,2025-11-22 13:48:05.514 UTC,ETH-USD,buy,2723.4,5.665,1992228594964762626,TRADE
1763819285514,2025-11-22 13:48:05.514 UTC,ETH-USD,buy,2723.4,1.188,1992228594964762630,TRADE
1763819290101,2025-11-22 13:48:10.101 UTC,ETH-USD,sell,2723.5,0.367,1992228614204035074,TRADE
1763819290117,2025-11-22 13:48:10.117 UTC,ETH-USD,sell,2723.5,0.037,1992228614271143936,TRADE
1763819290331,2025-11-22 13:48:10.331 UTC,ETH-USD,sell,2723.5,0.037,1992228615168724992,TRADE
1763819296069,2025-11-22 13:48:16.069 UTC,ETH-USD,sell,2723.5,5.000,1992228639235641347,TRADE
1763819311771,2025-11-22 13:48:31.771 UTC,ETH-USD,buy,2724.0,0.037,1992228705094602752,TRADE
1763819311985,2025-11-22 13:48:31.985 UTC,ETH-USD,buy,2724.0,0.037,1992228705992183810,TRADE
1763819315609,2025-11-22 13:48:35.609 UTC,ETH-USD,buy,2724.0,0.926,1992228721192341504,TRADE
1763819315609,2025-11-22 13:48:35.609 UTC,ETH-USD,buy,2724.0,2.106,1992228721192341505,TRADE
1763819315616,2025-11-22 13:48:35.616 UTC,ETH-USD,buy,2724.0,1.619,1992228721221701632,TRADE
1763819315617,2025-11-22 13:48:35.617 UTC,ETH-USD,buy,2724.0,0.037,1992228721225895936,TRADE
1763819315831,2025-11-22 13:48:35.831 UTC,ETH-USD,buy,2724.0,0.037,1992228722123476992,TRADE
1763819316042,2025-11-22 13:48:36.042 UTC,ETH-USD,buy,2724.0,0.037,1992228723008475136,TRADE
1763819321313,2025-11-22 13:48:41.313 UTC,ETH-USD,buy,2724.0,1.144,1992228745116651521,TRADE
1763819324528,2025-11-22 13:48:44.528 UTC,ETH-USD,sell,2724.4,5.000,1992228758601338882,TRADE
1763819326996,2025-11-22 13:48:46.996 UTC,ETH-USD,sell,2723.9,0.019,1992228768952881153,TRADE
1763819337056,2025-11-22 13:48:57.056 UTC,ETH-USD,sell,2724.1,5.000,1992228811147579392,TRADE
1763819340089,2025-11-22 13:49:00.089 UTC,ETH-USD,sell,2724.1,0.019,1992228823868903424,TRADE
1763819346065,2025-11-22 13:49:06.065 UTC,ETH-USD,sell,2723.6,0.034,1992228848934064134,TRADE
1763819346085,2025-11-22 13:49:06.085 UTC,ETH-USD,sell,2722.9,0.212,1992228849017950210,TRADE
1763819346085,2025-11-22 13:49:06.085 UTC,ETH-USD,sell,2722.8,0.155,1992228849017950211,TRADE
1763819347862,2025-11-22 13:49:07.862 UTC,ETH-USD,sell,2722.8,0.063,1992228856471228417,TRADE
1763819347862,2025-11-22 13:49:07.862 UTC,ETH-USD,sell,2722.8,4.937,1992228856471228418,TRADE
1763819360956,2025-11-22 13:49:20.956 UTC,ETH-USD,buy,2722.8,0.199,1992228911391444994,TRADE
1763819376244,2025-11-22 13:49:36.244 UTC,ETH-USD,sell,2723.4,0.367,1992228975513964547,TRADE
1763819376280,2025-11-22 13:49:36.280 UTC,ETH-USD,sell,2723.4,0.076,1992228975664959488,TRADE
1763819378605,2025-11-22 13:49:38.605 UTC,ETH-USD,sell,2723.4,0.019,1992228985416716290,TRADE
1763819405537,2025-11-22 13:50:05.537 UTC,ETH-USD,sell,2722.0,0.037,1992229098377711619,TRADE
1763819405753,2025-11-22 13:50:05.753 UTC,ETH-USD,sell,2722.0,0.037,1992229099283681283,TRADE
1763819405967,2025-11-22 13:50:05.967 UTC,ETH-USD,sell,2722.0,0.037,1992229100181262336,TRADE
1763819406180,2025-11-22 13:50:06.180 UTC,ETH-USD,sell,2722.0,0.037,1992229101074649088,TRADE
1763819406394,2025-11-22 13:50:06.394 UTC,ETH-USD,sell,2722.0,0.037,1992229101972230144,TRADE
1763819406608,2025-11-22 13:50:06.608 UTC,ETH-USD,sell,2722.0,0.037,1992229102869811201,TRADE
1763819410445,2025-11-22 13:50:10.445 UTC,ETH-USD,sell,2722.0,0.037,1992229118963355649,TRADE
1763819410656,2025-11-22 13:50:10.656 UTC,ETH-USD,sell,2722.0,0.433,1992229119848353792,TRADE
1763819410659,2025-11-22 13:50:10.659 UTC,ETH-USD,sell,2722.0,0.037,1992229119860936705,TRADE
1763819410876,2025-11-22 13:50:10.876 UTC,ETH-USD,sell,2722.0,0.005,1992229120771100673,TRADE
1763819410876,2025-11-22 13:50:10.876 UTC,ETH-USD,sell,2722.0,0.032,1992229120771100674,TRADE
1763819425091,2025-11-22 13:50:25.091 UTC,ETH-USD,sell,2721.0,0.037,1992229180393132034,TRADE
1763819425094,2025-11-22 13:50:25.094 UTC,ETH-USD,sell,2721.0,0.698,1992229180405714947,TRADE
1763819433884,2025-11-22 13:50:33.884 UTC,ETH-USD,sell,2720.0,0.413,1992229217273647106,TRADE
1763819434417,2025-11-22 13:50:34.417 UTC,ETH-USD,sell,2720.0,0.322,1992229219509211137,TRADE
1763819434417,2025-11-22 13:50:34.417 UTC,ETH-USD,sell,2720.0,0.111,1992229219509211138,TRADE
1763819437070,2025-11-22 13:50:37.070 UTC,ETH-USD,buy,2719.6,0.715,1992229230636699650,TRADE
1763819437070,2025-11-22 13:50:37.070 UTC,ETH-USD,buy,2719.6,4.285,1992229230636699651,TRADE
1763819437454,2025-11-22 13:50:37.454 UTC,ETH-USD,buy,2719.6,0.276,1992229232247312384,TRADE
1763819437454,2025-11-22 13:50:37.454 UTC,ETH-USD,buy,2719.6,0.333,1992229232247312385,TRADE
1763819437467,2025-11-22 13:50:37.467 UTC,ETH-USD,buy,2719.6,2.345,1992229232301838338,TRADE
1763819437468,2025-11-22 13:50:37.468 UTC,ETH-USD,buy,2719.6,0.385,1992229232306032640,TRADE
1763819443944,2025-11-22 13:50:43.944 UTC,ETH-USD,buy,2719.6,0.078,1992229259468345344,TRADE
1763819443944,2025-11-22 13:50:43.944 UTC,ETH-USD,buy,2719.6,0.078,1992229259468345351,TRADE
1763819443960,2025-11-22 13:50:43.960 UTC,ETH-USD,buy,2719.6,1.065,1992229259535454208,TRADE
1763819524151,2025-11-22 13:52:04.151 UTC,ETH-USD,buy,2721.6,0.034,1992229595880886276,TRADE
1763819535619,2025-11-22 13:52:15.619 UTC,ETH-USD,sell,2721.8,0.019,1992229643981164545,TRADE
1763819549869,2025-11-22 13:52:29.869 UTC,ETH-USD,buy,2721.7,2.000,1992229703749996551,TRADE
1763819550871,2025-11-22 13:52:30.871 UTC,ETH-USD,buy,2721.7,2.000,1992229707952689154,TRADE
1763819552198,2025-11-22 13:52:32.198 UTC,ETH-USD,buy,2721.7,2.000,1992229713518530561,TRADE
1763819555243,2025-11-22 13:52:35.243 UTC,ETH-USD,sell,2721.6,0.019,1992229726290186241,TRADE
1763819557563,2025-11-22 13:52:37.563 UTC,ETH-USD,buy,2721.3,0.112,1992229736020971524,TRADE
1763819557563,2025-11-22 13:52:37.563 UTC,ETH-USD,buy,2721.3,0.183,1992229736020971525,TRADE
1763819557563,2025-11-22 13:52:37.563 UTC,ETH-USD,buy,2721.3,1.705,1992229736020971526,TRADE
1763819558214,2025-11-22 13:52:38.214 UTC,ETH-USD,buy,2721.3,2.000,1992229738751463425,TRADE
1763819558728,2025-11-22 13:52:38.728 UTC,ETH-USD,sell,2720.5,0.156,1992229740907335683,TRADE
1763819558728,2025-11-22 13:52:38.728 UTC,ETH-USD,sell,2720.3,0.210,1992229740907335684,TRADE
1763819558728,2025-11-22 13:52:38.728 UTC,ETH-USD,sell,2720.3,0.001,1992229740907335685,TRADE
1763819568788,2025-11-22 13:52:48.788 UTC,ETH-USD,sell,2720.0,0.037,1992229783102033920,TRADE
1763819568809,2025-11-22 13:52:48.809 UTC,ETH-USD,sell,2720.0,0.063,1992229783190114305,TRADE
1763819568809,2025-11-22 13:52:48.809 UTC,ETH-USD,sell,2720.0,0.738,1992229783190114306,TRADE
1763819584104,2025-11-22 13:53:04.104 UTC,ETH-USD,sell,2719.3,0.037,1992229847341993988,TRADE
1763819584106,2025-11-22 13:53:04.106 UTC,ETH-USD,sell,2719.3,0.072,1992229847350382601,TRADE
1763819584251,2025-11-22 13:53:04.251 UTC,ETH-USD,sell,2719.0,0.735,1992229847958556679,TRADE
1763819589321,2025-11-22 13:53:09.321 UTC,ETH-USD,sell,2718.0,0.037,1992229869223677952,TRADE
1763819589410,2025-11-22 13:53:09.410 UTC,ETH-USD,sell,2718.0,0.251,1992229869596971008,TRADE
1763819589461,2025-11-22 13:53:09.461 UTC,ETH-USD,sell,2718.0,0.426,1992229869810880517,TRADE
1763819589507,2025-11-22 13:53:09.507 UTC,ETH-USD,sell,2718.0,0.021,1992229870003818496,TRADE
1763819595203,2025-11-22 13:53:15.203 UTC,ETH-USD,sell,2717.0,0.191,1992229893894574081,TRADE
1763819595203,2025-11-22 13:53:15.203 UTC,ETH-USD,sell,2717.0,0.736,1992229893894574082,TRADE
1763819595203,2025-11-22 13:53:15.203 UTC,ETH-USD,sell,2717.0,0.112,1992229893894574083,TRADE
1763819595246,2025-11-22 13:53:15.246 UTC,ETH-USD,sell,2716.9,0.037,1992229894074929156,TRADE
1763819595487,2025-11-22 13:53:15.487 UTC,ETH-USD,sell,2716.9,0.075,1992229895085756416,TRADE
1763819609549,2025-11-22 13:53:29.549 UTC,ETH-USD,buy,2716.6,0.217,1992229954066059265,TRADE
1763819612925,2025-11-22 13:53:32.925 UTC,ETH-USD,sell,2716.5,0.217,1992229968226029568,TRADE
1763819615250,2025-11-22 13:53:35.250 UTC,ETH-USD,sell,2716.1,3.824,1992229977977786368,TRADE
1763819624114,2025-11-22 13:53:44.114 UTC,ETH-USD,buy,2716.2,0.211,1992230015156097026,TRADE
1763819624114,2025-11-22 13:53:44.114 UTC,ETH-USD,buy,2716.2,0.160,1992230015156097027,TRADE
1763819624114,2025-11-22 13:53:44.114 UTC,ETH-USD,buy,2716.2,0.135,1992230015156097028,TRADE
1763819624117,2025-11-22 13:53:44.117 UTC,ETH-USD,buy,2716.2,0.158,1992230015168679936,TRADE
1763819652674,2025-11-22 13:54:12.674 UTC,ETH-USD,buy,2716.1,0.085,1992230134945419264,TRADE
1763819652677,2025-11-22 13:54:12.677 UTC,ETH-USD,buy,2716.1,0.085,1992230134958002177,TRADE
1763819668630,2025-11-22 13:54:28.630 UTC,ETH-USD,sell,2716.0,0.736,1992230201869733889,TRADE
1763819668630,2025-11-22 13:54:28.630 UTC,ETH-USD,sell,2716.0,0.019,1992230201869733890,TRADE
1763819668630,2025-11-22 13:54:28.630 UTC,ETH-USD,sell,2716.0,3.154,1992230201869733891,TRADE
1763819668651,2025-11-22 13:54:28.651 UTC,ETH-USD,sell,2716.0,3.825,1992230201957814274,TRADE
1763819668681,2025-11-22 13:54:28.681 UTC,ETH-USD,sell,2716.0,0.417,1992230202083643392,TRADE
1763819668737,2025-11-22 13:54:28.737 UTC,ETH-USD,sell,2716.0,0.209,1992230202318524416,TRADE
1763819668846,2025-11-22 13:54:28.846 UTC,ETH-USD,sell,2716.0,3.909,1992230202775703552,TRADE
1763819676594,2025-11-22 13:54:36.594 UTC,ETH-USD,buy,2715.9,0.110,1992230235273170945,TRADE
1763819676599,2025-11-22 13:54:36.599 UTC,ETH-USD,buy,2715.9,0.049,1992230235294142466,TRADE
1763819676599,2025-11-22 13:54:36.599 UTC,ETH-USD,buy,2715.9,0.136,1992230235294142467,TRADE
1763819739720,2025-11-22 13:55:39.720 UTC,ETH-USD,sell,2716.0,0.019,1992230500042805249,TRADE
1763819756187,2025-11-22 13:55:56.187 UTC,ETH-USD,sell,2716.8,0.112,1992230569110409220,TRADE
1763819756187,2025-11-22 13:55:56.187 UTC,ETH-USD,sell,2716.8,0.140,1992230569110409221,TRADE
1763819756437,2025-11-22 13:55:56.437 UTC,ETH-USD,sell,2717.1,0.367,1992230570158985220,TRADE
1763819809432,2025-11-22 13:56:49.432 UTC,ETH-USD,buy,2719.3,0.037,1992230792436125696,TRADE
1763819809647,2025-11-22 13:56:49.647 UTC,ETH-USD,buy,2719.3,0.037,1992230793337901056,TRADE
1763819809865,2025-11-22 13:56:49.865 UTC,ETH-USD,buy,2719.3,0.035,1992230794252259330,TRADE
1763819826941,2025-11-22 13:57:06.941 UTC,ETH-USD,sell,2719.8,0.019,1992230865874194438,TRADE
1763819827350,2025-11-22 13:57:07.350 UTC,ETH-USD,sell,2719.0,0.736,1992230867589664768,TRADE
1763819832307,2025-11-22 13:57:12.307 UTC,ETH-USD,buy,2718.3,6.621,1992230888380829697,TRADE
1763819850463,2025-11-22 13:57:30.463 UTC,ETH-USD,sell,2719.1,0.311,1992230964532613120,TRADE
1763819850475,2025-11-22 13:57:30.475 UTC,ETH-USD,sell,2719.1,3.159,1992230964582944769,TRADE
1763819850478,2025-11-22 13:57:30.478 UTC,ETH-USD,sell,2719.1,3.942,1992230964595527680,TRADE
1763819884273,2025-11-22 13:58:04.273 UTC,ETH-USD,sell,2718.8,0.019,1992231106342031360,TRADE
1763819895177,2025-11-22 13:58:15.177 UTC,ETH-USD,sell,2718.1,0.019,1992231152076722176,TRADE
1763819895177,2025-11-22 13:58:15.177 UTC,ETH-USD,sell,2718.1,0.198,1992231152076722177,TRADE
1763819897599,2025-11-22 13:58:17.599 UTC,ETH-USD,sell,2718.0,0.737,1992231162235326466,TRADE
1763819897599,2025-11-22 13:58:17.599 UTC,ETH-USD,sell,2718.0,0.112,1992231162235326467,TRADE
1763819897695,2025-11-22 13:58:17.695 UTC,ETH-USD,sell,2717.9,0.112,1992231162637979648,TRADE
1763819897695,2025-11-22 13:58:17.695 UTC,ETH-USD,sell,2717.9,0.049,1992231162637979649,TRADE
1763819898531,2025-11-22 13:58:18.531 UTC,ETH-USD,sell,2717.9,0.112,1992231166144417792,TRADE
1763819923863,2025-11-22 13:58:43.863 UTC,ETH-USD,buy,2717.5,0.093,1992231272394526720,TRADE
1763819923877,2025-11-22 13:58:43.877 UTC,ETH-USD,buy,2717.5,2.001,1992231272453246976,TRADE
1763819924254,2025-11-22 13:58:44.254 UTC,ETH-USD,buy,2717.5,0.136,1992231274034499584,TRADE
1763819929659,2025-11-22 13:58:49.659 UTC,ETH-USD,buy,2717.8,0.037,1992231296704712704,TRADE
1763819988755,2025-11-22 13:59:48.755 UTC,ETH-USD,buy,2718.4,0.141,1992231544571301888,TRADE
1763819988761,2025-11-22 13:59:48.761 UTC,ETH-USD,buy,2718.4,3.039,1992231544596467712,TRADE
1763819988763,2025-11-22 13:59:48.763 UTC,ETH-USD,buy,2718.4,1.925,1992231544604856322,TRADE
1763820014778,2025-11-22 14:00:14.778 UTC,ETH-USD,buy,2720.1,0.037,1992231653719674880,TRADE
1763820014808,2025-11-22 14:00:14.808 UTC,ETH-USD,buy,2720.1,0.276,1992231653845504001,TRADE
1763820015700,2025-11-22 14:00:15.700 UTC,ETH-USD,buy,2720.4,0.037,1992231657586823169,TRADE
1763820015915,2025-11-22 14:00:15.915 UTC,ETH-USD,buy,2720.4,0.037,1992231658488598528,TRADE
1763820016129,2025-11-22 14:00:16.129 UTC,ETH-USD,buy,2720.4,0.037,1992231659386179586,TRADE
1763820016345,2025-11-22 14:00:16.345 UTC,ETH-USD,buy,2720.4,0.037,1992231660292149248,TRADE
1763820021868,2025-11-22 14:00:21.868 UTC,ETH-USD,sell,2720.6,0.130,1992231683457290248,TRADE
1763820022509,2025-11-22 14:00:22.509 UTC,ETH-USD,sell,2720.6,0.183,1992231686145839105,TRADE
1763820040456,2025-11-22 14:00:40.456 UTC,ETH-USD,buy,2720.7,0.037,1992231761421012994,TRADE
1763820040672,2025-11-22 14:00:40.672 UTC,ETH-USD,buy,2720.7,0.037,1992231762326982658,TRADE
1763820054925,2025-11-22 14:00:54.925 UTC,ETH-USD,buy,2722.0,0.109,1992231822108397573,TRADE
1763820054925,2025-11-22 14:00:54.925 UTC,ETH-USD,buy,2722.0,3.604,1992231822108397574,TRADE
1763820054925,2025-11-22 14:00:54.925 UTC,ETH-USD,buy,2722.0,3.758,1992231822108397578,TRADE
1763820054944,2025-11-22 14:00:54.944 UTC,ETH-USD,buy,2722.0,0.037,1992231822188089344,TRADE
1763820055160,2025-11-22 14:00:55.160 UTC,ETH-USD,buy,2722.0,0.037,1992231823094059008,TRADE
1763820064430,2025-11-22 14:01:04.430 UTC,ETH-USD,sell,2723.3,0.037,1992231861975257088,TRADE
1763820064459,2025-11-22 14:01:04.459 UTC,ETH-USD,buy,2723.4,0.037,1992231862096891907,TRADE
1763820064698,2025-11-22 14:01:04.698 UTC,ETH-USD,buy,2723.5,0.037,1992231863099330570,TRADE
1763820072099,2025-11-22 14:01:12.099 UTC,ETH-USD,buy,2724.8,0.037,1992231894141374475,TRADE
1763820072122,2025-11-22 14:01:12.122 UTC,ETH-USD,buy,2724.8,0.072,1992231894237843458,TRADE
1763820079395,2025-11-22 14:01:19.395 UTC,ETH-USD,buy,2727.5,0.091,1992231924743016449,TRADE
1763820079415,2025-11-22 14:01:19.415 UTC,ETH-USD,buy,2727.5,0.018,1992231924826902530,TRADE
1763820079415,2025-11-22 14:01:19.415 UTC,ETH-USD,buy,2727.5,1.093,1992231924826902531,TRADE
1763820081856,2025-11-22 14:01:21.856 UTC,ETH-USD,sell,2727.8,0.081,1992231935065198594,TRADE
1763820081868,2025-11-22 14:01:21.868 UTC,ETH-USD,sell,2727.8,0.102,1992231935115530242,TRADE
1763820081868,2025-11-22 14:01:21.868 UTC,ETH-USD,sell,2727.8,0.275,1992231935115530243,TRADE
1763820081868,2025-11-22 14:01:21.868 UTC,ETH-USD,sell,2727.8,2.117,1992231935115530244,TRADE
1763820081869,2025-11-22 14:01:21.869 UTC,ETH-USD,sell,2727.8,1.319,1992231935119724549,TRADE
1763820082434,2025-11-22 14:01:22.434 UTC,ETH-USD,sell,2727.8,0.183,1992231937489506306,TRADE
1763820089648,2025-11-22 14:01:29.648 UTC,ETH-USD,buy,2728.5,0.103,1992231967747215360,TRADE
1763820095675,2025-11-22 14:01:35.675 UTC,ETH-USD,buy,2728.5,0.260,1992231993026285572,TRADE
1763820095702,2025-11-22 14:01:35.702 UTC,ETH-USD,sell,2728.4,0.019,1992231993139531778,TRADE
1763820118053,2025-11-22 14:01:58.053 UTC,ETH-USD,sell,2728.7,0.019,1992232086886420490,TRADE
1763820141657,2025-11-22 14:02:21.657 UTC,ETH-USD,buy,2728.6,0.104,1992232185888772096,TRADE
1763820141663,2025-11-22 14:02:21.663 UTC,ETH-USD,buy,2728.6,0.079,1992232185913937921,TRADE
1763820144639,2025-11-22 14:02:24.639 UTC,ETH-USD,buy,2729.0,1.000,1992232198396186627,TRADE
1763820161910,2025-11-22 14:02:41.910 UTC,ETH-USD,buy,2730.3,0.109,1992232270836011010,TRADE
1763820161910,2025-11-22 14:02:41.910 UTC,ETH-USD,buy,2730.3,0.183,1992232270836011011,TRADE
1763820161910,2025-11-22 14:02:41.910 UTC,ETH-USD,buy,2730.3,0.572,1992232270836011012,TRADE
1763820161911,2025-11-22 14:02:41.911 UTC,ETH-USD,buy,2730.3,2.285,1992232270840205313,TRADE
1763820180641,2025-11-22 14:03:00.641 UTC,ETH-USD,sell,2731.9,0.115,1992232349399519237,TRADE
1763820180681,2025-11-22 14:03:00.681 UTC,ETH-USD,sell,2731.9,0.109,1992232349567291395,TRADE
1763820180809,2025-11-22 14:03:00.809 UTC,ETH-USD,sell,2731.9,1.002,1992232350104162311,TRADE
1763820180809,2025-11-22 14:03:00.809 UTC,ETH-USD,sell,2731.9,0.146,1992232350104162315,TRADE
1763820181883,2025-11-22 14:03:01.883 UTC,ETH-USD,sell,2731.9,0.105,1992232354608844801,TRADE
1763820182095,2025-11-22 14:03:02.095 UTC,ETH-USD,sell,2731.9,0.619,1992232355498037248,TRADE
1763820183666,2025-11-22 14:03:03.666 UTC,ETH-USD,sell,2731.3,0.019,1992232362087288833,TRADE
1763820185635,2025-11-22 14:03:05.635 UTC,ETH-USD,sell,2729.8,0.147,1992232370345873408,TRADE
1763820185661,2025-11-22 14:03:05.661 UTC,ETH-USD,sell,2729.8,0.590,1992232370454925312,TRADE
1763820185973,2025-11-22 14:03:05.973 UTC,ETH-USD,buy,2729.1,0.112,1992232371763548161,TRADE
1763820185973,2025-11-22 14:03:05.973 UTC,ETH-USD,buy,2729.1,0.352,1992232371763548162,TRADE
1763820189601,2025-11-22 14:03:09.601 UTC,ETH-USD,buy,2728.8,0.081,1992232386980483072,TRADE
1763820189619,2025-11-22 14:03:09.619 UTC,ETH-USD,buy,2728.8,1.057,1992232387055980545,TRADE
1763820207639,2025-11-22 14:03:27.639 UTC,ETH-USD,buy,2730.5,0.183,1992232462637338625,TRADE
1763820207639,2025-11-22 14:03:27.639 UTC,ETH-USD,buy,2730.5,1.817,1992232462637338626,TRADE
1763820221898,2025-11-22 14:03:41.898 UTC,ETH-USD,sell,2731.4,0.037,1992232522443919360,TRADE
1763820221905,2025-11-22 14:03:41.905 UTC,ETH-USD,sell,2731.4,0.223,1992232522473279489,TRADE
1763820223639,2025-11-22 14:03:43.639 UTC,ETH-USD,sell,2731.0,0.019,1992232529746202626,TRADE
1763820241054,2025-11-22 14:04:01.054 UTC,ETH-USD,buy,2731.0,1.106,1992232602790006791,TRADE
1763820241872,2025-11-22 14:04:01.872 UTC,ETH-USD,sell,2731.7,0.225,1992232606220947457,TRADE
1763820241895,2025-11-22 14:04:01.895 UTC,ETH-USD,sell,2731.7,0.073,1992232606317416451,TRADE
1763820241934,2025-11-22 14:04:01.934 UTC,ETH-USD,sell,2731.7,0.998,1992232606480994305,TRADE
1763820242072,2025-11-22 14:04:02.072 UTC,ETH-USD,sell,2731.7,1.301,1992232607059808256,TRADE
1763820242146,2025-11-22 14:04:02.146 UTC,ETH-USD,sell,2731.7,0.250,1992232607370186755,TRADE
1763820256106,2025-11-22 14:04:16.106 UTC,ETH-USD,buy,2731.4,0.183,1992232665922670593,TRADE
1763820256106,2025-11-22 14:04:16.106 UTC,ETH-USD,buy,2731.4,0.275,1992232665922670594,TRADE
1763820256106,2025-11-22 14:04:16.106 UTC,ETH-USD,buy,2731.4,0.315,1992232665922670598,TRADE
1763820267979,2025-11-22 14:04:27.979 UTC,ETH-USD,buy,2731.8,0.149,1992232715721641984,TRADE
1763820274597,2025-11-22 14:04:34.597 UTC,ETH-USD,sell,2731.7,0.019,1992232743479545856,TRADE
1763820299978,2025-11-22 14:04:59.978 UTC,ETH-USD,sell,2732.2,0.019,1992232849935175680,TRADE
1763820311631,2025-11-22 14:05:11.631 UTC,ETH-USD,buy,2733.0,0.037,1992232898811400193,TRADE
1763820311845,2025-11-22 14:05:11.845 UTC,ETH-USD,buy,2733.0,0.037,1992232899708981249,TRADE
1763820315311,2025-11-22 14:05:15.311 UTC,ETH-USD,buy,2733.0,0.035,1992232914246438916,TRADE
1763820315311,2025-11-22 14:05:15.311 UTC,ETH-USD,buy,2733.0,0.365,1992232914246438917,TRADE
1763820316525,2025-11-22 14:05:16.525 UTC,ETH-USD,buy,2734.0,1.000,1992232919338323971,TRADE
1763820317399,2025-11-22 14:05:17.399 UTC,ETH-USD,sell,2734.3,0.065,1992232923004145664,TRADE
1763820317399,2025-11-22 14:05:17.399 UTC,ETH-USD,sell,2734.3,0.522,1992232923004145665,TRADE
1763820322262,2025-11-22 14:05:22.262 UTC,ETH-USD,sell,2734.3,0.019,1992232943401046021,TRADE
1763820322262,2025-11-22 14:05:22.262 UTC,ETH-USD,sell,2734.3,0.347,1992232943401046022,TRADE
1763820323843,2025-11-22 14:05:23.843 UTC,ETH-USD,sell,2733.8,0.429,1992232950032240640,TRADE
1763820323843,2025-11-22 14:05:23.843 UTC,ETH-USD,sell,2733.8,0.157,1992232950032240641,TRADE
1763820323843,2025-11-22 14:05:23.843 UTC,ETH-USD,sell,2733.8,0.003,1992232950032240645,TRADE
1763820327067,2025-11-22 14:05:27.067 UTC,ETH-USD,buy,2733.3,0.875,1992232963554676736,TRADE
1763820328988,2025-11-22 14:05:28.988 UTC,ETH-USD,sell,2733.9,0.093,1992232971611934720,TRADE
1763820328989,2025-11-22 14:05:28.989 UTC,ETH-USD,sell,2733.9,0.113,1992232971616129025,TRADE
1763820329006,2025-11-22 14:05:29.006 UTC,ETH-USD,sell,2733.9,1.039,1992232971687432192,TRADE
1763820360323,2025-11-22 14:06:00.323 UTC,ETH-USD,sell,2733.6,0.294,1992233103040450562,TRADE
1763820362955,2025-11-22 14:06:02.955 UTC,ETH-USD,sell,2733.4,0.019,1992233114079858688,TRADE
1763820376584,2025-11-22 14:06:16.584 UTC,ETH-USD,sell,2732.9,1.655,1992233171244027907,TRADE
1763820376584,2025-11-22 14:06:16.584 UTC,ETH-USD,sell,2732.9,0.634,1992233171244027908,TRADE
1763820376584,2025-11-22 14:06:16.584 UTC,ETH-USD,sell,2732.9,1.711,1992233171244027909,TRADE
1763820426845,2025-11-22 14:07:06.845 UTC,ETH-USD,sell,2735.6,0.112,1992233382053941255,TRADE
1763820426845,2025-11-22 14:07:06.845 UTC,ETH-USD,sell,2735.6,4.388,1992233382053941256,TRADE
1763820426966,2025-11-22 14:07:06.966 UTC,ETH-USD,buy,2735.7,0.037,1992233382561452035,TRADE
1763820427045,2025-11-22 14:07:07.045 UTC,ETH-USD,buy,2735.7,0.072,1992233382892802060,TRADE
1763820427383,2025-11-22 14:07:07.383 UTC,ETH-USD,sell,2736.6,1.420,1992233384310476800,TRADE
1763820427385,2025-11-22 14:07:07.385 UTC,ETH-USD,sell,2736.6,0.213,1992233384318865408,TRADE
1763820428739,2025-11-22 14:07:08.739 UTC,ETH-USD,sell,2736.6,0.124,1992233389997953024,TRADE
1763820428821,2025-11-22 14:07:08.821 UTC,ETH-USD,sell,2736.6,1.043,1992233390341885955,TRADE
1763820439124,2025-11-22 14:07:19.124 UTC,ETH-USD,buy,2734.7,0.092,1992233433555800065,TRADE
1763820450010,2025-11-22 14:07:30.010 UTC,ETH-USD,buy,2735.9,0.015,1992233479214993409,TRADE
1763820462148,2025-11-22 14:07:42.148 UTC,ETH-USD,sell,2736.9,0.219,1992233530125455361,TRADE
1763820462612,2025-11-22 14:07:42.612 UTC,ETH-USD,buy,2735.6,0.112,1992233532071612417,TRADE
1763820462612,2025-11-22 14:07:42.612 UTC,ETH-USD,buy,2735.6,1.989,1992233532071612418,TRADE
1763820466253,2025-11-22 14:07:46.253 UTC,ETH-USD,sell,2735.5,0.812,1992233547343073280,TRADE
1763820475573,2025-11-22 14:07:55.573 UTC,ETH-USD,buy,2736.3,0.721,1992233586433986560,TRADE
1763820504200,2025-11-22 14:08:24.200 UTC,ETH-USD,sell,2737.4,0.019,1992233706504327168,TRADE
1763820510012,2025-11-22 14:08:30.012 UTC,ETH-USD,buy,2736.6,0.015,1992233730881622017,TRADE
1763820511528,2025-11-22 14:08:31.528 UTC,ETH-USD,buy,2736.6,0.050,1992233737240186880,TRADE
1763820528242,2025-11-22 14:08:48.242 UTC,ETH-USD,sell,2737.0,0.019,1992233807343783937,TRADE
1763820547769,2025-11-22 14:09:07.769 UTC,ETH-USD,sell,2734.4,0.100,1992233889245958145,TRADE
1763820570014,2025-11-22 14:09:30.014 UTC,ETH-USD,buy,2734.2,0.015,1992233982548250625,TRADE
1763820581417,2025-11-22 14:09:41.417 UTC,ETH-USD,sell,2734.4,0.182,1992234030375899139,TRADE
1763820581417,2025-11-22 14:09:41.417 UTC,ETH-USD,sell,2734.4,0.366,1992234030375899140,TRADE
1763820582345,2025-11-22 14:09:42.345 UTC,ETH-USD,buy,2734.5,0.274,1992234034268213248,TRADE
1763820582345,2025-11-22 14:09:42.345 UTC,ETH-USD,buy,2734.5,0.093,1992234034268213249,TRADE
1763820583835,2025-11-22 14:09:43.835 UTC,ETH-USD,sell,2734.4,0.573,1992234040517726214,TRADE
1763820589119,2025-11-22 14:09:49.119 UTC,ETH-USD,buy,2734.5,0.181,1992234062680428544,TRADE
1763820589119,2025-11-22 14:09:49.119 UTC,ETH-USD,buy,2734.5,0.024,1992234062680428545,TRADE
1763820590824,2025-11-22 14:09:50.824 UTC,ETH-USD,sell,2734.4,0.019,1992234069831716864,TRADE
1763820605925,2025-11-22 14:10:05.925 UTC,ETH-USD,sell,2733.1,1.019,1992234133169901573,TRADE
1763820610977,2025-11-22 14:10:10.977 UTC,ETH-USD,sell,2733.5,0.543,1992234154359525376,TRADE
1763820610978,2025-11-22 14:10:10.978 UTC,ETH-USD,sell,2733.5,0.694,1992234154363719680,TRADE
1763820613094,2025-11-22 14:10:13.094 UTC,ETH-USD,buy,2733.6,0.045,1992234163238866945,TRADE
1763820615012,2025-11-22 14:10:15.012 UTC,ETH-USD,sell,2733.0,0.217,1992234171283542016,TRADE
1763820622711,2025-11-22 14:10:22.711 UTC,ETH-USD,sell,2732.0,0.735,1992234203575488517,TRADE
1763820622824,2025-11-22 14:10:22.824 UTC,ETH-USD,sell,2731.9,0.065,1992234204049444868,TRADE
1763820622843,2025-11-22 14:10:22.843 UTC,ETH-USD,sell,2731.9,0.047,1992234204129136641,TRADE
1763820622843,2025-11-22 14:10:22.843 UTC,ETH-USD,sell,2731.9,0.166,1992234204129136642,TRADE
1763820622850,2025-11-22 14:10:22.850 UTC,ETH-USD,sell,2731.9,0.637,1992234204158496774,TRADE
1763820622862,2025-11-22 14:10:22.862 UTC,ETH-USD,sell,2731.9,0.159,1992234204208828417,TRADE
1763820622925,2025-11-22 14:10:22.925 UTC,ETH-USD,sell,2731.9,0.432,1992234204473069571,TRADE
1763820623889,2025-11-22 14:10:23.889 UTC,ETH-USD,sell,2731.9,0.437,1992234208516378625,TRADE
1763820623889,2025-11-22 14:10:23.889 UTC,ETH-USD,sell,2731.9,0.910,1992234208516378629,TRADE
1763820630015,2025-11-22 14:10:30.015 UTC,ETH-USD,buy,2732.3,0.015,1992234234210684934,TRADE
1763820635818,2025-11-22 14:10:35.818 UTC,ETH-USD,sell,2732.2,0.019,1992234258550231043,TRADE
1763820636249,2025-11-22 14:10:36.249 UTC,ETH-USD,sell,2730.3,0.217,1992234260357976064,TRADE
1763820636249,2025-11-22 14:10:36.249 UTC,ETH-USD,sell,2730.3,1.558,1992234260357976065,TRADE
1763820636464,2025-11-22 14:10:36.464 UTC,ETH-USD,sell,2730.3,0.586,1992234261259751424,TRADE
1763820643156,2025-11-22 14:10:43.156 UTC,ETH-USD,sell,2730.0,0.982,1992234289328033794,TRADE
1763820643164,2025-11-22 14:10:43.164 UTC,ETH-USD,sell,2730.0,0.029,1992234289361588224,TRADE
1763820644046,2025-11-22 14:10:44.046 UTC,ETH-USD,sell,2729.4,0.037,1992234293060964352,TRADE
1763820654780,2025-11-22 14:10:54.780 UTC,ETH-USD,buy,2728.9,1.833,1992234338082623489,TRADE
1763820666347,2025-11-22 14:11:06.347 UTC,ETH-USD,buy,2729.8,1.833,1992234386598137857,TRADE
1763820681803,2025-11-22 14:11:21.803 UTC,ETH-USD,buy,2729.8,1.833,1992234451425300481,TRADE
1763820683373,2025-11-22 14:11:23.373 UTC,ETH-USD,buy,2729.8,4.000,1992234458010357760,TRADE
1763820684272,2025-11-22 14:11:24.272 UTC,ETH-USD,buy,2729.8,0.913,1992234461781037056,TRADE
1763820690012,2025-11-22 14:11:30.012 UTC,ETH-USD,buy,2729.8,0.015,1992234485856342022,TRADE
1763820694569,2025-11-22 14:11:34.569 UTC,ETH-USD,buy,2729.8,1.833,1992234504969785346,TRADE
1763820700833,2025-11-22 14:11:40.833 UTC,ETH-USD,buy,2730.3,0.109,1992234531242905600,TRADE
1763820707537,2025-11-22 14:11:47.537 UTC,ETH-USD,buy,2731.9,1.833,1992234559361519616,TRADE
1763820717508,2025-11-22 14:11:57.508 UTC,ETH-USD,buy,2733.0,0.109,1992234601182924800,TRADE
1763820717508,2025-11-22 14:11:57.508 UTC,ETH-USD,buy,2733.0,0.036,1992234601182924801,TRADE
1763820717508,2025-11-22 14:11:57.508 UTC,ETH-USD,buy,2733.0,0.433,1992234601182924802,TRADE
1763820717508,2025-11-22 14:11:57.508 UTC,ETH-USD,buy,2733.0,0.064,1992234601182924803,TRADE
1763820717508,2025-11-22 14:11:57.508 UTC,ETH-USD,buy,2733.0,0.161,1992234601182924804,TRADE
1763820717508,2025-11-22 14:11:57.508 UTC,ETH-USD,buy,2733.0,0.218,1992234601182924805,TRADE
1763820717508,2025-11-22 14:11:57.508 UTC,ETH-USD,buy,2733.0,0.112,1992234601182924806,TRADE
1763820717508,2025-11-22 14:11:57.508 UTC,ETH-USD,buy,2733.1,0.272,1992234601182924807,TRADE
1763820717508,2025-11-22 14:11:57.508 UTC,ETH-USD,buy,2733.1,0.112,1992234601182924808,TRADE
1763820717508,2025-11-22 14:11:57.508 UTC,ETH-USD,buy,2733.2,0.316,1992234601182924809,TRADE
1763820727084,2025-11-22 14:12:07.084 UTC,ETH-USD,buy,2733.7,1.833,1992234641347579904,TRADE
1763820737451,2025-11-22 14:12:17.451 UTC,ETH-USD,buy,2733.4,0.036,1992234684829929472,TRADE
1763820737451,2025-11-22 14:12:17.451 UTC,ETH-USD,buy,2733.4,1.797,1992234684829929473,TRADE
1763820747118,2025-11-22 14:12:27.118 UTC,ETH-USD,buy,2733.4,1.668,1992234725376266243,TRADE
1763820747118,2025-11-22 14:12:27.118 UTC,ETH-USD,buy,2733.4,0.179,1992234725376266244,TRADE
1763820748533,2025-11-22 14:12:28.533 UTC,ETH-USD,sell,2733.3,0.019,1992234731311206403,TRADE
1763820750016,2025-11-22 14:12:30.016 UTC,ETH-USD,buy,2732.7,0.015,1992234737531359243,TRADE
1763820752738,2025-11-22 14:12:32.738 UTC,ETH-USD,buy,2732.7,0.718,1992234748948254721,TRADE
1763820752738,2025-11-22 14:12:32.738 UTC,ETH-USD,buy,2732.7,0.733,1992234748948254722,TRADE
1763820752738,2025-11-22 14:12:32.738 UTC,ETH-USD,buy,2732.7,0.397,1992234748948254723,TRADE
1763820755193,2025-11-22 14:12:35.193 UTC,ETH-USD,sell,2732.6,0.019,1992234759245271048,TRADE
1763820797534,2025-11-22 14:13:17.534 UTC,ETH-USD,buy,2732.4,2.936,1992234936836296707,TRADE
1763820797537,2025-11-22 14:13:17.537 UTC,ETH-USD,buy,2732.4,0.770,1992234936848879617,TRADE
1763820797544,2025-11-22 14:13:17.544 UTC,ETH-USD,buy,2732.4,0.294,1992234936878239746,TRADE
1763820807969,2025-11-22 14:13:27.969 UTC,ETH-USD,buy,2733.1,0.120,1992234980603858944,TRADE
1763820810013,2025-11-22 14:13:30.013 UTC,ETH-USD,buy,2733.5,0.015,1992234989177016337,TRADE
1763820816174,2025-11-22 14:13:36.174 UTC,ETH-USD,buy,2734.1,0.034,1992235015018123264,TRADE
1763820833302,2025-11-22 14:13:53.302 UTC,ETH-USD,sell,2735.6,0.034,1992235086858162182,TRADE
1763820834044,2025-11-22 14:13:54.044 UTC,ETH-USD,buy,2735.7,0.109,1992235089970335745,TRADE
1763820844495,2025-11-22 14:14:04.495 UTC,ETH-USD,buy,2736.5,0.334,1992235133805006848,TRADE
1763820856391,2025-11-22 14:14:16.391 UTC,ETH-USD,sell,2738.0,0.112,1992235183700447234,TRADE
1763820856391,2025-11-22 14:14:16.391 UTC,ETH-USD,sell,2738.0,0.371,1992235183700447235,TRADE
1763820858923,2025-11-22 14:14:18.923 UTC,ETH-USD,buy,2738.1,0.060,1992235194320424960,TRADE
1763820864500,2025-11-22 14:14:24.500 UTC,ETH-USD,sell,2738.4,0.060,1992235217712058372,TRADE
1763820864713,2025-11-22 14:14:24.713 UTC,ETH-USD,buy,2738.5,0.109,1992235218605445120,TRADE
1763820865334,2025-11-22 14:14:25.334 UTC,ETH-USD,buy,2739.0,1.000,1992235221210107914,TRADE
1763820867844,2025-11-22 14:14:27.844 UTC,ETH-USD,sell,2740.2,0.020,1992235231737810946,TRADE
1763820870007,2025-11-22 14:14:30.007 UTC,ETH-USD,buy,2740.0,0.015,1992235240810090514,TRADE
1763820873176,2025-11-22 14:14:33.176 UTC,ETH-USD,sell,2739.8,0.019,1992235254101839873,TRADE
1763820873176,2025-11-22 14:14:33.176 UTC,ETH-USD,sell,2739.8,1.805,1992235254101839874,TRADE
1763820876704,2025-11-22 14:14:36.704 UTC,ETH-USD,sell,2740.5,1.824,1992235268899344384,TRADE
1763820877959,2025-11-22 14:14:37.959 UTC,ETH-USD,sell,2740.6,1.700,1992235274163195904,TRADE
1763820877959,2025-11-22 14:14:37.959 UTC,ETH-USD,sell,2740.6,0.840,1992235274163195905,TRADE
1763820877959,2025-11-22 14:14:37.959 UTC,ETH-USD,sell,2740.6,0.632,1992235274163195906,TRADE
1763820877959,2025-11-22 14:14:37.959 UTC,ETH-USD,sell,2740.6,0.254,1992235274163195907,TRADE
1763820877959,2025-11-22 14:14:37.959 UTC,ETH-USD,sell,2740.6,0.255,1992235274163195908,TRADE
1763820878602,2025-11-22 14:14:38.602 UTC,ETH-USD,sell,2740.8,0.212,1992235276860133382,TRADE
1763820878605,2025-11-22 14:14:38.605 UTC,ETH-USD,sell,2740.0,0.036,1992235276872716293,TRADE
1763820878605,2025-11-22 14:14:38.605 UTC,ETH-USD,sell,2739.7,0.036,1992235276872716294,TRADE
1763820878605,2025-11-22 14:14:38.605 UTC,ETH-USD,sell,2739.5,0.293,1992235276872716295,TRADE
1763820879039,2025-11-22 14:14:39.039 UTC,ETH-USD,sell,2739.1,1.397,1992235278693044226,TRADE
1763820879072,2025-11-22 14:14:39.072 UTC,ETH-USD,sell,2739.1,1.720,1992235278831456258,TRADE
1763820879197,2025-11-22 14:14:39.197 UTC,ETH-USD,sell,2739.1,1.824,1992235279355744256,TRADE
1763820882031,2025-11-22 14:14:42.031 UTC,ETH-USD,sell,2739.1,1.825,1992235291242401792,TRADE
1763820886471,2025-11-22 14:14:46.471 UTC,ETH-USD,sell,2739.5,1.825,1992235309865111552,TRADE
1763820890978,2025-11-22 14:14:50.978 UTC,ETH-USD,sell,2739.1,0.019,1992235328768839681,TRADE
1763820890978,2025-11-22 14:14:50.978 UTC,ETH-USD,sell,2739.1,3.961,1992235328768839682,TRADE
1763820891180,2025-11-22 14:14:51.180 UTC,ETH-USD,sell,2739.1,1.825,1992235329616089088,TRADE
1763820895171,2025-11-22 14:14:55.171 UTC,ETH-USD,sell,2739.4,0.112,1992235346355556352,TRADE
1763820895171,2025-11-22 14:14:55.171 UTC,ETH-USD,sell,2739.4,1.713,1992235346355556353,TRADE
1763820899808,2025-11-22 14:14:59.808 UTC,ETH-USD,sell,2739.8,1.824,1992235365804544000,TRADE
1763820900375,2025-11-22 14:15:00.375 UTC,ETH-USD,buy,2740.0,0.695,1992235368182714372,TRADE
1763820901367,2025-11-22 14:15:01.367 UTC,ETH-USD,buy,2740.0,0.316,1992235372343463936,TRADE
1763820902179,2025-11-22 14:15:02.179 UTC,ETH-USD,sell,2740.9,0.416,1992235375749238785,TRADE
1763820902179,2025-11-22 14:15:02.179 UTC,ETH-USD,sell,2740.9,0.274,1992235375749238786,TRADE
1763820902179,2025-11-22 14:15:02.179 UTC,ETH-USD,sell,2740.9,1.134,1992235375749238787,TRADE
1763820902183,2025-11-22 14:15:02.183 UTC,ETH-USD,sell,2740.9,0.203,1992235375766016000,TRADE
1763820903861,2025-11-22 14:15:03.861 UTC,ETH-USD,buy,2741.0,0.364,1992235382804058112,TRADE
1763820904155,2025-11-22 14:15:04.155 UTC,ETH-USD,buy,2741.2,0.109,1992235384037183489,TRADE
1763820904155,2025-11-22 14:15:04.155 UTC,ETH-USD,buy,2741.5,0.255,1992235384037183490,TRADE
1763820906983,2025-11-22 14:15:06.983 UTC,ETH-USD,sell,2741.4,1.317,1992235395898675203,TRADE
1763820909316,2025-11-22 14:15:09.316 UTC,ETH-USD,sell,2741.4,1.823,1992235405683986433,TRADE
1763820910596,2025-11-22 14:15:10.596 UTC,ETH-USD,sell,2741.1,0.035,1992235411052695558,TRADE
1763820912388,2025-11-22 14:15:12.388 UTC,ETH-USD,buy,2740.3,0.064,1992235418568888320,TRADE
1763820919993,2025-11-22 14:15:19.993 UTC,ETH-USD,sell,2741.2,0.216,1992235450466570242,TRADE
1763820919993,2025-11-22 14:15:19.993 UTC,ETH-USD,sell,2741.2,0.578,1992235450466570243,TRADE
1763820926146,2025-11-22 14:15:26.146 UTC,ETH-USD,buy,2741.3,0.182,1992235476274122752,TRADE
1763820930015,2025-11-22 14:15:30.015 UTC,ETH-USD,buy,2741.5,0.015,1992235492501884946,TRADE
1763820938601,2025-11-22 14:15:38.601 UTC,ETH-USD,buy,2742.6,3.084,1992235528514179074,TRADE
1763820940391,2025-11-22 14:15:40.391 UTC,ETH-USD,buy,2742.2,0.460,1992235536021983233,TRADE
1763820940701,2025-11-22 14:15:40.701 UTC,ETH-USD,buy,2742.2,2.169,1992235537322217478,TRADE
1763820940701,2025-11-22 14:15:40.701 UTC,ETH-USD,buy,2742.2,5.130,1992235537322217482,TRADE
1763820941095,2025-11-22 14:15:41.095 UTC,ETH-USD,sell,2742.1,1.125,1992235538974773251,TRADE
1763820941096,2025-11-22 14:15:41.096 UTC,ETH-USD,sell,2742.1,0.174,1992235538978967554,TRADE
1763820941096,2025-11-22 14:15:41.096 UTC,ETH-USD,sell,2742.1,1.129,1992235538978967558,TRADE
1763820941096,2025-11-22 14:15:41.096 UTC,ETH-USD,sell,2742.1,0.076,1992235538978967563,TRADE
1763820941501,2025-11-22 14:15:41.501 UTC,ETH-USD,buy,2742.2,0.724,1992235540677660675,TRADE
1763820942846,2025-11-22 14:15:42.846 UTC,ETH-USD,sell,2743.0,0.112,1992235546318999553,TRADE
1763820942846,2025-11-22 14:15:42.846 UTC,ETH-USD,sell,2743.0,3.569,1992235546318999554,TRADE
1763820944181,2025-11-22 14:15:44.181 UTC,ETH-USD,sell,2743.5,0.246,1992235551918395393,TRADE
1763820945879,2025-11-22 14:15:45.879 UTC,ETH-USD,buy,2744.0,0.173,1992235559040323586,TRADE
1763820945998,2025-11-22 14:15:45.998 UTC,ETH-USD,sell,2743.9,0.112,1992235559539445763,TRADE
1763820945998,2025-11-22 14:15:45.998 UTC,ETH-USD,sell,2743.9,0.101,1992235559539445764,TRADE
1763820946210,2025-11-22 14:15:46.210 UTC,ETH-USD,buy,2744.0,0.249,1992235560428638216,TRADE
1763820946235,2025-11-22 14:15:46.235 UTC,ETH-USD,buy,2744.0,0.556,1992235560533495808,TRADE
1763820946292,2025-11-22 14:15:46.292 UTC,ETH-USD,buy,2744.0,0.022,1992235560772571137,TRADE
1763820946292,2025-11-22 14:15:46.292 UTC,ETH-USD,buy,2744.0,0.109,1992235560772571138,TRADE
1763820946363,2025-11-22 14:15:46.363 UTC,ETH-USD,buy,2744.2,0.036,1992235561070366724,TRADE
1763820946396,2025-11-22 14:15:46.396 UTC,ETH-USD,buy,2744.2,0.400,1992235561208778759,TRADE
1763820946397,2025-11-22 14:15:46.397 UTC,ETH-USD,buy,2744.2,0.500,1992235561212973056,TRADE
1763820947591,2025-11-22 14:15:47.591 UTC,ETH-USD,buy,2744.1,1.094,1992235566220972035,TRADE
1763820949243,2025-11-22 14:15:49.243 UTC,ETH-USD,buy,2745.1,0.766,1992235573149962243,TRADE
1763820950693,2025-11-22 14:15:50.693 UTC,ETH-USD,buy,2745.8,2.489,1992235579231703043,TRADE
1763820950766,2025-11-22 14:15:50.766 UTC,ETH-USD,buy,2745.8,0.098,1992235579537887232,TRADE
1763820950798,2025-11-22 14:15:50.798 UTC,ETH-USD,buy,2745.8,1.188,1992235579672104962,TRADE
1763820953210,2025-11-22 14:15:53.210 UTC,ETH-USD,sell,2746.1,0.260,1992235589788766208,TRADE
1763820955033,2025-11-22 14:15:55.033 UTC,ETH-USD,buy,2746.6,0.039,1992235597434982401,TRADE
1763820955263,2025-11-22 14:15:55.263 UTC,ETH-USD,sell,2746.5,6.366,1992235598399672320,TRADE
1763820955263,2025-11-22 14:15:55.263 UTC,ETH-USD,sell,2746.5,4.796,1992235598399672325,TRADE
1763820956450,2025-11-22 14:15:56.450 UTC,ETH-USD,buy,2746.1,1.241,1992235603378311169,TRADE
1763820956452,2025-11-22 14:15:56.452 UTC,ETH-USD,buy,2746.1,1.041,1992235603386699778,TRADE
1763820960661,2025-11-22 14:16:00.661 UTC,ETH-USD,buy,2746.6,0.299,1992235621040525312,TRADE
1763820960676,2025-11-22 14:16:00.676 UTC,ETH-USD,buy,2746.6,0.419,1992235621103439874,TRADE
1763820960679,2025-11-22 14:16:00.679 UTC,ETH-USD,buy,2746.6,1.006,1992235621116022784,TRADE
1763820960680,2025-11-22 14:16:00.680 UTC,ETH-USD,buy,2746.6,1.232,1992235621120217088,TRADE
1763820960874,2025-11-22 14:16:00.874 UTC,ETH-USD,buy,2746.6,1.390,1992235621933912066,TRADE
1763820960889,2025-11-22 14:16:00.889 UTC,ETH-USD,buy,2746.6,1.001,1992235621996826625,TRADE
1763820961536,2025-11-22 14:16:01.536 UTC,ETH-USD,buy,2746.8,1.138,1992235624710541312,TRADE
1763820961749,2025-11-22 14:16:01.749 UTC,ETH-USD,buy,2746.8,0.734,1992235625603928067,TRADE
1763820961750,2025-11-22 14:16:01.750 UTC,ETH-USD,buy,2746.8,1.152,1992235625608122373,TRADE
1763820961752,2025-11-22 14:16:01.752 UTC,ETH-USD,buy,2746.8,0.420,1992235625616510977,TRADE
1763820961758,2025-11-22 14:16:01.758 UTC,ETH-USD,buy,2746.8,1.331,1992235625641676800,TRADE
1763820961810,2025-11-22 14:16:01.810 UTC,ETH-USD,buy,2746.8,2.506,1992235625859780608,TRADE
1763820963777,2025-11-22 14:16:03.777 UTC,ETH-USD,sell,2747.9,0.087,1992235634109976580,TRADE
1763820963829,2025-11-22 14:16:03.829 UTC,ETH-USD,sell,2747.9,1.618,1992235634328080388,TRADE
1763820963830,2025-11-22 14:16:03.830 UTC,ETH-USD,sell,2747.9,0.120,1992235634332274693,TRADE
1763820964468,2025-11-22 14:16:04.468 UTC,ETH-USD,buy,2748.0,0.030,1992235637008240641,TRADE
1763820964527,2025-11-22 14:16:04.527 UTC,ETH-USD,buy,2748.2,1.152,1992235637255704581,TRADE
1763820964811,2025-11-22 14:16:04.811 UTC,ETH-USD,buy,2748.2,0.400,1992235638446886915,TRADE
1763820965251,2025-11-22 14:16:05.251 UTC,ETH-USD,buy,2748.2,0.291,1992235640292380676,TRADE
1763820965256,2025-11-22 14:16:05.256 UTC,ETH-USD,buy,2748.2,0.840,1992235640313352195,TRADE
1763820965258,2025-11-22 14:16:05.258 UTC,ETH-USD,buy,2748.2,1.529,1992235640321740806,TRADE
1763820965260,2025-11-22 14:16:05.260 UTC,ETH-USD,buy,2748.2,3.065,1992235640330129408,TRADE
1763820966186,2025-11-22 14:16:06.186 UTC,ETH-USD,buy,2749.0,1.000,1992235644214054917,TRADE
1763820967963,2025-11-22 14:16:07.963 UTC,ETH-USD,buy,2750.5,0.134,1992235651667333121,TRADE
1763820968231,2025-11-22 14:16:08.231 UTC,ETH-USD,sell,2750.4,0.078,1992235652791406593,TRADE
1763820968266,2025-11-22 14:16:08.266 UTC,ETH-USD,sell,2750.4,0.371,1992235652938207236,TRADE
1763820968266,2025-11-22 14:16:08.266 UTC,ETH-USD,sell,2750.4,1.393,1992235652938207240,TRADE
1763820971093,2025-11-22 14:16:11.093 UTC,ETH-USD,sell,2749.6,0.028,1992235664795504643,TRADE
1763820974522,2025-11-22 14:16:14.522 UTC,ETH-USD,buy,2750.9,0.212,1992235679177773057,TRADE
1763820974522,2025-11-22 14:16:14.522 UTC,ETH-USD,buy,2751.4,0.152,1992235679177773058,TRADE
1763820974528,2025-11-22 14:16:14.528 UTC,ETH-USD,buy,2751.4,0.270,1992235679202938882,TRADE
1763820974528,2025-11-22 14:16:14.528 UTC,ETH-USD,buy,2751.4,0.213,1992235679202938883,TRADE
1763820975120,2025-11-22 14:16:15.120 UTC,ETH-USD,buy,2752.0,0.252,1992235681685966851,TRADE
1763820976659,2025-11-22 14:16:16.659 UTC,ETH-USD,sell,2751.3,0.217,1992235688141000720,TRADE
1763820980224,2025-11-22 14:16:20.224 UTC,ETH-USD,sell,2752.0,0.414,1992235703093694464,TRADE
1763820980224,2025-11-22 14:16:20.224 UTC,ETH-USD,sell,2752.0,0.181,1992235703093694465,TRADE
1763820980224,2025-11-22 14:16:20.224 UTC,ETH-USD,sell,2752.0,0.081,1992235703093694466,TRADE
1763820980224,2025-11-22 14:16:20.224 UTC,ETH-USD,sell,2752.0,0.080,1992235703093694470,TRADE
1763820980225,2025-11-22 14:16:20.225 UTC,ETH-USD,sell,2752.0,1.832,1992235703097888768,TRADE
1763820981311,2025-11-22 14:16:21.311 UTC,ETH-USD,buy,2752.9,3.885,1992235707652902912,TRADE
1763820981311,2025-11-22 14:16:21.311 UTC,ETH-USD,buy,2752.9,1.562,1992235707652902916,TRADE
1763820981448,2025-11-22 14:16:21.448 UTC,ETH-USD,sell,2752.8,3.643,1992235708227522564,TRADE
1763820981821,2025-11-22 14:16:21.821 UTC,ETH-USD,sell,2752.8,0.812,1992235709791997953,TRADE
1763820981825,2025-11-22 14:16:21.825 UTC,ETH-USD,sell,2752.8,1.305,1992235709808775168,TRADE
1763820981827,2025-11-22 14:16:21.827 UTC,ETH-USD,sell,2752.8,0.627,1992235709817163776,TRADE
1763820983369,2025-11-22 14:16:23.369 UTC,ETH-USD,buy,2751.2,0.097,1992235716284780553,TRADE
1763820983464,2025-11-22 14:16:23.464 UTC,ETH-USD,buy,2751.2,0.363,1992235716683239427,TRADE
1763820983528,2025-11-22 14:16:23.528 UTC,ETH-USD,buy,2751.2,0.400,1992235716951674881,TRADE
1763820984012,2025-11-22 14:16:24.012 UTC,ETH-USD,buy,2752.9,1.757,1992235718981718018,TRADE
1763820984064,2025-11-22 14:16:24.064 UTC,ETH-USD,buy,2752.9,1.683,1992235719199821828,TRADE
1763820985084,2025-11-22 14:16:25.084 UTC,ETH-USD,sell,2752.3,0.832,1992235723478011907,TRADE
1763820986193,2025-11-22 14:16:26.193 UTC,ETH-USD,sell,2752.0,0.019,1992235728129495049,TRADE
1763820986853,2025-11-22 14:16:26.853 UTC,ETH-USD,sell,2753.5,3.454,1992235730897735689,TRADE
1763820987296,2025-11-22 14:16:27.296 UTC,ETH-USD,sell,2753.7,0.112,1992235732755812352,TRADE
1763820987296,2025-11-22 14:16:27.296 UTC,ETH-USD,sell,2753.7,0.609,1992235732755812353,TRADE
1763820987756,2025-11-22 14:16:27.756 UTC,ETH-USD,sell,2753.9,2.843,1992235734685192197,TRADE
1763820988172,2025-11-22 14:16:28.172 UTC,ETH-USD,sell,2753.1,0.669,1992235736430022659,TRADE
1763820988490,2025-11-22 14:16:28.490 UTC,ETH-USD,sell,2753.1,0.087,1992235737763811337,TRADE
1763820988504,2025-11-22 14:16:28.504 UTC,ETH-USD,sell,2753.1,0.085,1992235737822531586,TRADE
1763820988514,2025-11-22 14:16:28.514 UTC,ETH-USD,sell,2753.1,0.473,1992235737864474626,TRADE
1763820988514,2025-11-22 14:16:28.514 UTC,ETH-USD,sell,2753.1,0.161,1992235737864474627,TRADE
1763820990008,2025-11-22 14:16:30.008 UTC,ETH-USD,buy,2751.6,0.015,1992235744130764806,TRADE
1763820990376,2025-11-22 14:16:30.376 UTC,ETH-USD,sell,2751.5,0.019,1992235745674268673,TRADE
1763820990376,2025-11-22 14:16:30.376 UTC,ETH-USD,sell,2751.5,0.217,1992235745674268674,TRADE
1763820993919,2025-11-22 14:16:33.919 UTC,ETH-USD,sell,2750.8,0.373,1992235760534687748,TRADE
1763820994062,2025-11-22 14:16:34.062 UTC,ETH-USD,sell,2750.8,0.296,1992235761134473222,TRADE
1763820994912,2025-11-22 14:16:34.912 UTC,ETH-USD,sell,2749.8,18.185,1992235764699631616,TRADE
1763820994912,2025-11-22 14:16:34.912 UTC,ETH-USD,sell,2749.6,0.273,1992235764699631617,TRADE
1763820994912,2025-11-22 14:16:34.912 UTC,ETH-USD,sell,2749.5,0.217,1992235764699631618,TRADE
1763820994912,2025-11-22 14:16:34.912 UTC,ETH-USD,sell,2749.5,0.065,1992235764699631619,TRADE
1763820994912,2025-11-22 14:16:34.912 UTC,ETH-USD,sell,2749.4,17.978,1992235764699631620,TRADE
1763820996109,2025-11-22 14:16:36.109 UTC,ETH-USD,sell,2748.8,0.431,1992235769720213507,TRADE
1763820996112,2025-11-22 14:16:36.112 UTC,ETH-USD,sell,2748.8,1.723,1992235769732796417,TRADE
1763820996126,2025-11-22 14:16:36.126 UTC,ETH-USD,sell,2748.8,6.218,1992235769791516674,TRADE
1763820996322,2025-11-22 14:16:36.322 UTC,ETH-USD,sell,2748.8,0.422,1992235770613600256,TRADE
1763820996322,2025-11-22 14:16:36.322 UTC,ETH-USD,sell,2748.8,0.018,1992235770613600257,TRADE
1763820996322,2025-11-22 14:16:36.322 UTC,ETH-USD,sell,2748.8,0.020,1992235770613600258,TRADE
1763820996838,2025-11-22 14:16:36.838 UTC,ETH-USD,sell,2748.7,2.826,1992235772777861126,TRADE
1763820996942,2025-11-22 14:16:36.942 UTC,ETH-USD,sell,2748.4,0.181,1992235773214068739,TRADE
1763820997879,2025-11-22 14:16:37.879 UTC,ETH-USD,sell,2748.1,0.417,1992235777144131585,TRADE
1763820999131,2025-11-22 14:16:39.131 UTC,ETH-USD,sell,2747.8,0.430,1992235782395400197,TRADE
1763820999131,2025-11-22 14:16:39.131 UTC,ETH-USD,sell,2747.8,0.157,1992235782395400198,TRADE
1763820999131,2025-11-22 14:16:39.131 UTC,ETH-USD,sell,2747.8,0.215,1992235782395400199,TRADE
1763820999131,2025-11-22 14:16:39.131 UTC,ETH-USD,sell,2747.8,0.071,1992235782395400200,TRADE
1763821005120,2025-11-22 14:16:45.120 UTC,ETH-USD,sell,2747.3,0.214,1992235807515086848,TRADE
1763821005120,2025-11-22 14:16:45.120 UTC,ETH-USD,sell,2746.9,0.156,1992235807515086849,TRADE
1763821005120,2025-11-22 14:16:45.120 UTC,ETH-USD,sell,2746.9,0.064,1992235807515086850,TRADE
1763821005120,2025-11-22 14:16:45.120 UTC,ETH-USD,sell,2746.9,0.273,1992235807515086851,TRADE
1763821005120,2025-11-22 14:16:45.120 UTC,ETH-USD,sell,2746.8,0.273,1992235807515086852,TRADE
1763821005120,2025-11-22 14:16:45.120 UTC,ETH-USD,sell,2746.7,0.839,1992235807515086853,TRADE
1763821008077,2025-11-22 14:16:48.077 UTC,ETH-USD,sell,2746.7,0.109,1992235819917643779,TRADE
1763821008320,2025-11-22 14:16:48.320 UTC,ETH-USD,sell,2746.1,0.224,1992235820936859649,TRADE
1763821008320,2025-11-22 14:16:48.320 UTC,ETH-USD,sell,2746.1,0.067,1992235820936859650,TRADE
1763821013393,2025-11-22 14:16:53.393 UTC,ETH-USD,sell,2745.8,0.728,1992235842214563842,TRADE
